1927 2443
927 272 943 301 6

162 373 242 405 quae
265 361 385 402 dicitur,
409 360 591 405 apponendi
600 361 632 405 ¹).
671 362 744 394 Hoc
767 362 862 395 modo
886 367 1012 394 cautum
1033 362 1129 394 tuisse
1153 360 1343 400 existimant,
1368 371 1408 393 ne
1431 361 1500 404 quis
1524 362 1708 406 imprudens

159 421 251 452 {unus
266 420 452 462 adspiceret.
497 421 569 452 Hoc
584 421 669 452 enim
685 421 836 463 adspecto
851 421 996 452 homines
1012 420 1242 451 contaminatos
1264 420 1360 451 fuisse
1384 420 1500 459 dicunt,
1525 427 1556 452 et
1579 432 1598 453 a
1613 422 1708 454 rebus

159 477 307 520 gerendis
331 477 506 511 deterritos.
552 478 634 510 Eam
657 484 762 511 autem
784 479 818 510 in
848 490 915 510 rem
938 477 1124 520 capillorum
1153 477 1316 509 cincinnos
1339 477 1497 510 adhibitos
1520 478 1616 511 fuisse
1639 490 1709 522 per-

159 536 284 576 hibent,
321 543 370 577 ut,
406 537 458 580 qui
480 537 825 581 praetergrederentur,
861 537 923 569 hoc
946 537 1038 580 signo
1067 541 1315 579 cognoscerent,
1341 548 1374 569 se
1398 537 1430 569 in
1453 537 1567 568 vicinia
1589 539 1708 577 mortis,

158 601 193 626 ut
214 595 276 627 hoc
298 601 386 635 utar,
410 607 513 638 agere.
558 596 601 628 Et
623 596 700 628 illud
729 596 855 638 quidem
878 606 988 627 verum
1011 603 1072 635 est,
1097 595 1215 627 foribus
1247 595 1357 627 domus
1380 596 1523 627 funestae
1546 596 1710 628 cincinnos

158 653 255 685 tuisse
284 654 414 693 affixos,
448 665 544 696 quare
569 643 687 687 ¹chorus
719 655 804 697 apud
827 654 1009 696 Euripidem
1043 654 1190 693 miratur,
1225 654 1320 686 aedes
1343 654 1484 694 Admeti,
1518 654 1604 696 eujus
1633 666 1712 686 uxor

158 712 225 744 vita
250 718 321 745 erat
345 713 503 753 defuncta,
527 712 589 745 hoc
613 714 706 756 signo
730 724 854 745 carere-2
1090 755 1092 760 Ι

356 771 448 804 Χαίτα
472 772 495 802 τ’
517 772 600 809 οὔτις
621 771 673 803 ἐπὶ
696 770 860 812 προθύροιξ
879 773 1012 811 τομαῖος,
1035 770 1056 802 ἃ
1079 770 1118 813 δὴ
1142 770 1255 802 νεκύων
1278 771 1402 803 πένθεσι
1426 771 1518 802 πίτνει
1531 771 1555 813 b)

162 830 221 861 sed
250 830 348 872 longe
383 830 476 861 aliam
507 830 573 871 ejus
604 830 838 862 consuetudinis
866 841 1011 868 causam,
1047 840 1179 872 eamque·
1213 830 1390 872 graviorem
1413 830 1526 868 fuisse,
1561 830 1713 873 suspicari

159 888 243 920 licet.
290 889 417 921 Etenim
439 894 550 921 natura
572 901 639 921 non
662 889 757 921 modo
781 889 1033 920 ardentissimam
1062 888 1155 921 nobis
1183 888 1346 920 instillavit
1368 888 1585 930 cupiditatem,
1611 889 1715 921 homi-

159 957 238 982 num
260 948 383 981 animos
407 948 498 980 nobis
521 940 727 986 conciliandi,
762 958 874 979 verum
898 947 1009 986 etiam,
1042 958 1083 979 ne
1111 952 1166 979 aut
1188 958 1343 990 prospero
1365 947 1511 979 fortunae
1534 952 1618 980 statu
1642 949 1714 981 elati

159 1006 356 1039 fastidiosius
387 1007 556 1039 humanam
585 1007 768 1039 societatem
790 1012 1065 1039 contemneremus
1093 1012 1127 1038 et
1147 1006 1230 1038 infra
1252 1017 1312 1038 nos
1336 999 1406 1038 esse
1428 1012 1625 1049 putaremus,
1661 1014 1715 1039 aut

160 1066 269 1107 iniquo
292 1076 369 1097 casu
390 1066 533 1108 oppressi
560 1071 691 1108 propter
711 1076 886 1107 paucorum
909 1065 1040 1101 iniurias
1070 1065 1112 1096 ob
1137 1065 1277 1097 omnium
1308 1065 1534 1096 consuetudine
1557 1067 1714 1108 refugere-

161 1135 252 1162 mus,
286 1134 359 1155 eam
391 1124 473 1155 dedit
499 1124 592 1155 nobis
615 1129 772 1161 mentem,
802 1127 836 1154 ut
858 1134 897 1154 ex
920 1123 1109 1165 quotidianis
1140 1123 1304 1154 hominum
1334 1123 1533 1155 sermonibus
1551 1124 1712 1166 jucundis-

165 1182 282 1214 simum
304 1186 336 1213 et
357 1182 498 1213 fortunae
521 1182 673 1214 adversae
697 1181 859 1221 schitiam,
894 1187 927 1213 et
948 1181 1107 1213 secundae
1130 1181 1396 1213 oblectamentum
1423 1192 1536 1223 capere
1563 1181 1713 1214 velimus:

166 1240 330 1282 Quidquid
365 1240 457 1282 igitur
489 1240 649 1279 ceciderit,
686 1239 764 1271 nihil
786 1239 944 1281 antiquius
966 1239 1120 1271 habemus
1144 1250 1239 1281 quam
1262 1250 1317 1271 eos
1339 1239 1496 1281 inprimis,
1529 1239 1714 1281 quibuscum

164 1303 220 1331 aut
240 1303 373 1331 naturae
396 1304 449 1331 aut
472 1299 586 1331 amoris
606 1291 740 1331 vinculis
759 1298 918 1341 conjuncti
930 1303 1056 1337 sumus,
1072 1297 1105 1329 in
1121 1297 1303 1330 societatem
1319 1297 1370 1329 vel
1385 1297 1503 1330 doloris
1517 1297 1569 1330 vel
1580 1297 1715 1330 laetitiae

165 1368 297 1398 vocare3
321 1357 414 1399 idque
438 1358 527 1389 etiam
555 1363 678 1389 veteres
706 1356 865 1398 induxisse
888 1356 1026 1395 videtur,
1050 1360 1102 1394 ut,
1127 1362 1197 1387 cum
1221 1356 1291 1398 quis
1314 1356 1407 1387 diem*
1420 1367 1600 1398 supremam
1623 1357 1716 1389 obiis-
1760 1349 1762 1351 ¹

164 1420 227 1456 set,
251 1415 401 1447 certiores
423 1414 577 1454 facerent,
602 1425 736 1457 quorum
759 1414 822 1446 hoc
844 1413 1194 1456 propter-vicimtatem
1218 1419 1272 1445 aut
1293 1414 1437 1456 priorem*
1455 1414 1715 1447 consuetudinem

164 1474 276 1516 magni
309 1474 461 1505 interesse
492 1478 650 1515 putarent.
695 1473 744 1505 Ea
776 1473 887 1515 igitur,
923 1474 1056 1515 opinor,
1092 1484 1188 1504 causa
1219 1472 1292 1510 fuit,
1325 1484 1422 1514 quare
1453 1473 1558 1515 capilli
1591 1474 1715 1505 aedium

164 1532 364 1563 funestarum
394 1531 512 1563 foribus
534 1532 746 1573 affigerentur.
793 1530 908 1572 colligi
938 1530 999 1562 hoc
1027 1530 1101 1562 licet
1123 1541 1162 1561 ex
1185 1541 1239 1569 eo,
1270 1530 1354 1572 quod
1375 1531 1409 1562 in
1444 1530 1598 1562 consimili
1620 1542 1716 1563 causa

166 1591 233 1623 fieri
256 1590 390 1623 solebat.
435 1590 494 1629 Qui
513 1590 598 1622 enim
622 1589 712 1632 prole
734 1600 846 1622 recens
869 1590 952 1622 aucti
975 1590 1115 1629 fuerant,
1139 1589 1305 1621 frondibus
1325 1594 1419 1631 atque
1442 1590 1568 1622 'coronis
1590 1589 1717 1622 aedium·

165 1649 250 1680 fores
266 1659 421 1680 exornare
438 1649 590 1688 solebant,
614 1659 680 1679 non
696 1653 730 1679 ut
744 1648 823 1679 alios
844 1648 932 1679 aditu
951 1648 1157 1689 prohiberent
1169 1647 1365 1688 -ineptum
1386 1648 1473 1679 enim
1490 1648 1552 1680 hoc
1568 1648 1658 1687 foret,
1671 1663 1715 1671 -—
1741 1673 1745 1677 .

166 1701 221 1739 sed
244 1706 349 1749 potius
373 1706 414 1738 ad
436 1706 569 1738 laetitiae
582 1706 788 1739 consortium
805 1705 983 1746 invitarent,
1008 1706 1051 1738 ob
1073 1717 1140 1738 rem
1161 1705 1322 1748 praeclare
1344 1708 1508 1749 gestam‘).
1539 1705 1714 1738 Mirabatur

167 1766 280 1798 chorus
305 1766 534 1806 Pheraeorum,
558 1771 632 1798 ante
660 1765 755 1797 aedes
778 1764 905 1797 Admeti
928 1776 968 1797 ne
992 1765 1089 1807 pilum
1112 1765 1237 1807 quidem
1262 1776 1449 1807 suspensum
1474 1753 1561 1805 esse,
1585 1765 1714 1797 miratur

168 1825 259 1856 etiam
287 1824 396 1856 nescio
420 1824 487 1866 quis
510 1824 594 1867 apud
616 1822 863 1865 Athenaeumd):

257 1985 284 2019 a)
304 1984 470 2012 Kirchmanu
488 1983 522 2012 de
540 1984 625 2013 funer.
645 1983 765 2013 Romam.
775 1983 793 2013 l.
805 1983 826 2012 1.
838 1991 860 2012 c.
874 1982 915 2012 14.
938 1982 1066 2012 Hadrian.
1086 1982 1162 2013 Junii
1182 1984 1360 2013 Gommentar.
1380 1983 1414 2012 de
1425 1983 1508 2014 Coma
1527 1992 1549 2013 e.
1561 1982 1592 2012 V.
1611 1991 1637 2018 p.
1649 1982 1714 2011 350.

170 2028 230 2056 Joh.
249 2027 382 2057 Lomeier.
401 2028 524 2064 Epimen.
544 2037 566 2058 c.
586 2028 651 2057 XVI
670 2037 694 2064 p.
714 2029 777 2058 222.
796 2029 899 2057 Potter.
922 2028 1062 2057 Archaeol.
1081 2029 1099 2057 l.
1119 2028 1157 2057 IV
1177 2037 1196 2057 c.
1216 2029 1265 2058 111.
1286 2037 1311 2064 p.
1331 2028 1385 2058 384
1406 2029 1447 2057 ed.
1466 2028 1562 2057 Ramb.

260 2073 288 2106 b)
306 2073 405 2101 Alcest.
431 2073 491 2100 10¹.

260 2122 285 2148 c)
304 2117 335 2145 V.
354 2117 478 2146 Paschal.
498 2117 531 2145 de
550 2117 646 2145 Coton.
666 2116 683 2145 1.
704 2115 737 2145 V.
756 2125 776 2145 c.
792 2115 851 2145 XV.

261 2160 290 2194 d)
308 2161 470 2196 Dipnosoph.
490 2161 508 2188 1.
526 2161 574 2189 lx.
593 2169 615 2189 s.
634 2169 657 2188 v.
673 2160 708 2188 69
728 2169 760 2189 ex
780 2160 897 2196 Ephippi
916 2160 1048 2196 Geryone.
