1927 2443
965 236 998 266 10

204 324 334 368 quidem
357 325 399 357 ad
422 336 477 368 eos
500 329 676 368 spectasse,
699 325 754 368 qui
775 325 896 358 funeris
914 330 969 358 aut
990 326 1114 366 κομιδήν
1126 329 1180 357 aut
1190 325 1353 368 ἐκκομιὸήν
1375 324 1569 366 curabanv).
1604 326 1649 372 Hi
1671 326 1756 361 enim

203 394 240 417 re
274 383 403 417 funebri
424 388 553 427 peracta
586 383 759 419 etiamnum
781 383 882 428 lavari
904 383 1018 420 solent.
1064 383 1115 416 Ad
1138 394 1194 417 eos
1216 393 1311 423 vero,
1341 384 1428 427 quod
1450 383 1573 424 attinet,
1609 383 1664 426 qui
1685 394 1756 420 cum

205 442 303 475 rebus
326 442 440 475 divinis
462 453 593 484 operam
616 442 718 477 daturi
740 447 863 482 essent,
886 442 1058 475 infaustum
1080 442 1199 474 funeris
1222 453 1333 482 omen,
1368 447 1423 475 aut
1443 447 1529 475 certe
1551 442 1618 485 ejus
1640 452 1758 479 memo-

202 500 300 542 riam,
332 511 434 547 aquae
467 500 674 543 adspersione
697 500 771 534 dilui
793 499 963 544 putabant.
995 500 1034 533 de
1055 500 1105 532 his
1122 500 1191 543 jam
1213 501 1289 533 satis
1313 501 1431 534 dictum
1452 506 1510 534 est.
1554 499 1640 548 Nihil
1662 500 1757 535 etim

203 559 248 591 ad
270 571 331 592 nos
354 560 520 602 pertinent.
567 558 652 592 Cum
679 559 764 592 enim
786 559 875 595 multi
898 559 1077 600 crederent,
1102 560 1207 602 apium
1230 559 1371 602 aliasque
1398 560 1515 593 herbas
1546 560 1578 592 in
1602 550 1768 592 silicemio'

205 617 366 655 adhibitas
401 618 559 650 funestum
592 617 712 650 habere
739 627 834 649 omen
865 615 908 659 (v.
932 617 1012 649 Plut.
1034 617 1067 649 in
1091 617 1207 650 Timol.
1231 628 1258 649 c.
1281 618 1356 655 XI.)
1385 628 1483 654 nemo
1516 623 1623 650 tamen
1649 627 1757 650 earum

204 675 364 719 adspectu
385 675 481 719 pollui
497 675 694 708 credebatur.
741 675 803 715 Qui
825 686 912 714 vero,
935 687 1007 708 cum
1025 686 1086 708 nec
1104 675 1207 707 funeri
1230 676 1395 718 exsequias
1417 676 1558 716 ivissent,
1582 687 1643 709 nec
1660 675 1757 708 sacris

207 735 305 767 etiam
340 734 496 777 operaturi
525 739 650 774 essent,
690 740 797 767 tamen
830 739 1027 778 mortuorum
1060 734 1246 777 adspectum
1280 735 1340 772 sibi
1373 734 1555 777 religiosum
1589 734 1756 773 ducebant,

207 793 418 836 superstitiosi
448 797 479 825 et
501 798 593 825 erant
615 798 647 825 et
673 793 881 826 habebantur.
928 793 1041 826 Talem
1070 793 1154 826 enim
1186 792 1427 836 Theophrastus
1460 793 1669 833 δεισιδαίμονα
1690 792 1759 825 des-

205 852 298 884 cribit
306 852 346 895 ⁷⁴),
381 852 432 894 qui
452 862 513 884 nec
535 852 577 884 ad
598 852 803 895 puerperium
825 863 885 884 nec
907 852 948 884 ad
971 858 1130 886 mortuum
1153 853 1410 895 appropinquare
1438 851 1562 884 audeat.
1606 852 1758 895 Idemque

205 910 301 942 etiam
326 911 529 942 confirmatur
550 910 692 954 Lycurgi
714 914 746 942 et
762 910 885 942 Numae
907 910 1074 951 institutis,
1099 911 1138 942 de
1161 911 1275 953 quibus
1292 922 1388 953 supra
1408 911 1602 943 mentionem
1616 910 1756 942 fecimus.

206 968 270 1000 Alii
296 968 430 1010 denique
459 973 512 1000 aut
534 968 677 1010 corporis
706 968 842 1011 quadam
869 968 1083 1001 imbecillitate
1111 969 1302 1001 cadaverum
1333 969 1517 1012 adspectum
1539 968 1758 1011 perhorresce-

205 1027 304 1066 bant,
341 1031 410 1066 aut,
444 1037 513 1058 cum
547 1026 628 1057 terre
663 1032 812 1069 possent,
849 1026 975 1059 delicias
1009 1031 1117 1059 tamen
1146 1027 1250 1076 (acere
1284 1027 1440 1059 solebant.
1496 1027 1620 1059 Horum
1650 1031 1758 1057 tamen

209 1085 353 1117 omnium
375 1085 454 1116 ratio
476 1095 536 1116 nec
558 1084 673 1116 idonea
694 1085 766 1122 fuit.
798 1096 858 1116 nec
881 1085 1089 1127 comprobata
1111 1086 1205 1117 etiam
1228 1090 1285 1117 est.
1331 1085 1496 1124 Attamen,
1532 1096 1604 1116 cum
1626 1084 1760 1116 audivis-

206 1146 279 1175 sent
313 1142 505 1174 recentiores
533 1142 578 1174 illi
601 1142 793 1184 antiquitatis
821 1147 1027 1182 scrutatores,
1063 1143 1265 1175 abhorruisse
1295 1143 1466 1175 nonnullos
1489 1154 1512 1174 a·
1537 1143 1683 1174 funerum
1706 1142 1758 1174 ad-

206 1206 329 1244 spectu,
353 1200 500 1233 effectum
521 1205 576 1241 est,
601 1206 636 1233 ut
658 1212 860 1234 communem
884 1212 954 1233 eam
972 1206 1112 1234 veterum
1137 1201 1320 1244 opinionem
1342 1201 1438 1234 fuisse
1461 1200 1625 1234 crederent
1635 1201 1675 1245 ').
1708 1200 1759 1234 Ita

206 1271 285 1292 vero
308 1259 414 1292 omnis
438 1270 557 1298 earum,
581 1259 607 1291 si
631 1271 695 1302 qua
717 1260 789 1299 tuit,
818 1260 987 1292 auctorit-as
1013 1272 1144 1302 prorsus
1166 1261 1368 1305 imminuitur.
1415 1260 1504 1300 Quae
1527 1271 1598 1292 cum
1619 1260 1664 1291 ita
1686 1260 1757 1298 sint,

208 1318 374 1351 neminem
396 1316 503 1360 lepida
523 1317 575 1349 illa
597 1317 775 1358 historiola,
799 1329 895 1361 quam
913 1318 1026 1351 Suidas
1050 1329 1088 1350 ex
1100 1318 1234 1350 Aeliano
1257 1318 1470 1361 transcripsit,
1495 1330 1514 1350 a
1537 1329 1631 1350 causa
1649 1323 1759 1350 nostra

208 1375 415 1409 abalineabit.
471 1375 585 1408 Narrat
606 1375 682 1417 iste,
714 1376 932 1409 Philemonem
967 1382 1095 1419 poetam
1130 1376 1284 1409 comicum
1319 1377 1527 1409 dormientem
1560 1376 1619 1409 sibi
1642 1387 1758 1409 novem

204 1434 329 1477 puellas
361 1433 456 1466 domo
484 1438 632 1466 exeuntes
660 1435 767 1467 videre
801 1435 903 1468 vinum
932 1446 1012 1467 esse.
1066 1435 1117 1467 Ex
1147 1435 1260 1477 quibus
1289 1447 1359 1467 cum
1383 1440 1528 1468 contatus
1551 1440 1649 1471 esset,
1684 1435 1758 1477 quid

205 1493 253 1525 rei
282 1496 448 1535 ageretur,
481 1492 684 1535 respondisse
721 1493 809 1533 illas,
852 1505 919 1526 non
960 1494 1095 1536 amplius
1128 1494 1222 1526 licere
1252 1493 1312 1526 sibi
1346 1504 1418 1526 cum
1450 1494 1520 1537 ipso
1554 1492 1759 1526 confabulari.

207 1551 330 1584 Exorta
352 1551 424 1583 luce
448 1562 517 1583 cum
539 1550 591 1583 ille
613 1552 743 1594 pallium
767 1552 943 1593 sumsisset,
979 1558 1011 1584 et
1033 1564 1128 1595 opus,
1162 1552 1247 1595 quod
1270 1552 1401 1595 agebat,
1434 1552 1619 1594 adgressus,
1654 1550 1758 1584 subito

206 1610 363 1641 extinctus
398 1614 457 1641 est.
512 1610 588 1642 Jam
622 1621 698 1642 vero
727 1610 863 1652 scriptor
894 1610 963 1650 ille,
998 1622 1127 1643 causam
1160 1610 1253 1653 hujus
1286 1610 1332 1641 rei
1365 1610 1545 1652 inquirens,
1578 1610 1758 1652 suspicatur

206 1668 324 1709 Musas,
336 1667 504 1700 ——Musae
527 1669 610 1700 enim
633 1668 760 1701 fuerunt
780 1669 852 1701 illae
864 1688 908 1694 -
921 1669 1094 1702 excessisse
1107 1680 1124 1701 e
1137 1668 1232 1701 domo
1243 1674 1366 1712 poetae,
1391 1669 1464 1712 quia
1473 1669 1510 1701 οὐ
1521 1668 1642 1710 θεμιτὸν
1654 1668 1760 1704 αὐταῖς

305 1815 328 1850 t)
347 1814 452 1843 Eodem
472 1815 552 1843 etiam
572 1815 667 1861 domps
686 1816 811 1845 funestae
831 1817 957 1847 lustratio
981 1820 1009 1845 et
1028 1816 1206 1853 evem’gulum
1227 1816 1374 1852 spectabat,
1393 1819 1425 1845 ut
1442 1815 1568 1849 nimirum
1581 1797 1646 1851 ’ejus
1666 1818 1695 1844 et
1713 1824 1755 1844 sa-

209 1858 287 1886 nitati
306 1861 334 1886 et
352 1858 478 1886 lautitiae
496 1860 703 1893 prospiceretur.

301 1902 331 1937 u)
350 1902 446 1937 Eurip.
465 1902 552 1937 Iphig.
573 1903 651 1931 Taur.
672 1903 732 1931 380.

300 1949 329 1978 v)
349 1946 474 1975 Charact.
494 1954 515 1975 c.
532 1946 604 1976 XVI.
625 1948 639 1984 ἓ
660 1948 678 1976 2
697 1948 762 1985 ibiq.
782 1948 896 1978 casaub.

297 1990 331 2024 w)
349 1990 409 2019 Hac
432 1992 461 2019 in
486 1991 610 2027 opinione
639 1991 813 2021 confirmasse
841 1994 1011 2028 potissimum
1040 2001 1086 2022 eos
1110 1993 1217 2021 videtur
1240 1993 1388 2022 consimilis
1406 1992 1571 2021 Judaeorum
1588 1992 1756 2027 aliarumque

210 2033 331 2068 gentium
349 2035 519 2063 orientalium
539 2035 578 2071 (v.
597 2035 731 2065 Kleukers
750 2037 867 2065 Zendav.
887 2046 914 2073 p.
924 2037 972 2074 95)
991 2038 1069 2066 ratio.
1107 2037 1253 2065 Praeterea
1271 2037 1354 2065 etiam
1373 2036 1549 2072 scriptoribus
1568 2036 1756 2065 ecclesiasticis

212 2084 406 2111 saepenumero
424 2079 546 2107 accidere
566 2080 674 2108 solitum
694 2083 743 2115 est,
764 2084 794 2109 ut
814 2089 874 2109 cum
893 2082 1005 2118 impiam
1023 2081 1144 2117 gentium
1163 2081 1320 2117 religionem
1337 2080 1487 2109 convellere
1505 2080 1653 2115 studerent,
1672 2080 1756 2109 aniles

209 2127 356 2155 paucorum
375 2129 478 2151 errores
497 2123 621 2151 omnibus
640 2124 793 2153 tribuerent
811 2134 835 2153 v.
857 2125 994 2161 Chrysost.
1013 2126 1084 2154 hom.
1105 2125 1180 2153 xm.
1199 2125 1227 2153 in
1246 2133 1288 2159 ep.
1308 2124 1348 2151 ad'
1361 2124 1432 2158 pr.
1482 2125 1484 2127 ’
