1927 2443
981 207 1012 237 ¹2

537 296 642 329 Flexit
663 307 739 329 aves
762 296 853 337 illuc,
878 301 974 339 utque
992 296 1124 343 >aethere
1146 295 1224 328 vidit
1245 296 1287 328 ab
1310 294 1374 328 alto

537 354 747 396 Exanimum,
770 355 866 398 inque
889 367 947 388 suo
965 355 1141 399 jactantem
1162 354 1317 398 sanguine
1339 363 1456 397 corpus

543 412 687 446 Desiluit.
710 432 754 437 -
775 432 821 437 -—
844 432 883 437 —
906 432 950 438 —
973 413 1129 446 Cruorem

535 470 672 509 Nectare
694 471 827 504 odorato
850 471 972 515 spargit
981 466 1012 511 ¹)ss

307 530 372 563 Aut
394 530 433 562 de
454 529 654 573 Hyacintho:

534 588 684 621 Protinus
706 588 910 631 imprudens,
933 593 1085 631 actusque
1109 588 1255 631 cupidine
1276 587 1340 620 ludi

444 646 485 689 [w.
541 646 670 679 Tollere
694 647 889 680 Taenarides
913 647 1024 679 orbem
1045 646 1248 690 properabat.
1272 651 1305 679 at
1325 645 1412 679 illum

537 705 628 737 Dura
648 716 872 748 repercussum
894 705 1026 748 subjecit
1046 705 1080 737 in
1103 710 1178 737 aera
1199 704 1291 737 tellus

536 763 576 795 In
598 763 721 804 vultus,
745 763 942 808 Hyacinthe,
967 768 1053 804 tuos,
1076 763 1228 806 expalluit
1249 773 1348 806 aeque

533 823 583 853 Ac
604 832 685 864 puer
706 822 775 864 ipse
799 822 896 863 deuss,
919 821 1078 864 collapsos
1104 822 1219 864 excipit
1241 826 1328 853 artus

532 879 576 912 Et
597 880 692 912 modo
716 885 747 911 te
770 880 906 921 refovet,
931 880 1027 912 modo
1049 880 1151 912 tristia
1173 890 1306 912 munera
1328 881 1472 924 siccatm).

218 939 302 971 Cum
326 943 428 970 autem
446 938 601 970 Tantalus
623 938 675 971 ille
699 939 776 972 deos
798 939 840 971 ad
862 949 995 970 coenam
1018 938 1191 977 invitasset,
1215 937 1293 970 nihil
1314 938 1394 971 adeo
1417 938 1534 971 fraudis
1559 938 1596 971 iis
1620 938 1765 977 suboluit,

216 1002 251 1029 ut
286 996 383 1030 Ceres
416 1007 517 1039 paene
550 1002 651 1029 totum
677 997 845 1030 humerum
878 997 1004 1039 Pelopis
1039 997 1227 1029 comederet.
1280 996 1383 1029 Multo
1416 997 1510 1040 igitur
1544 997 1688 1040 sagacior
1713 997 1765 1029 ille

218 1055 417 1087 Jamblichus
439 1055 512 1095 fuit,
537 1055 590 1097 qui
612 1067 683 1087 cum
705 1056 764 1087 iter
785 1055 955 1098 aliquando
986 1055 1104 1087 faceret
1128 1055 1220 1087 hians
1243 1055 1443 1098 nescioquid,
1478 1060 1609 1098 repente
1631 1055 1766 1097 gradum

217 1113 361 1145 inhibuit.
406 1113 557 1155 Discipuli
579 1114 646 1156 ejus
668 1114 819 1145 mirantes
843 1113 917 1156 quid
940 1120 1040 1152 esset,
1063 1113 1342 1155 percontabantur,
1363 1124 1465 1155 ‘quare
1487 1114 1603 1156 pedem
1624 1114 1764 1145 referret.

219 1171 305 1203 Tum
328 1170 380 1202 ille
402 1170 495 1203 funus
517 1171 630 1204 adesse
652 1171 834 1215 respondit.'
871 1171 1026 1213 Discipuli
1048 1182 1135 1211 vero,
1158 1181 1193 1202 re
1216 1171 1402 1212 examinata,
1426 1176 1653 1214 cognoverunt,
1676 1171 1767 1204 brevi

219 1235 293 1261 ante
318 1229 411 1261 funus
434 1230 548 1261 elatum
571 1241 651 1262 esse.
696 1230 748 1262 Ad
771 1230 841 1262 illos
865 1236 970 1261 autem
994 1229 1078 1271 quod
1101 1229 1226 1269 attinet,
1250 1229 1404 1262 Pindarus
1428 1230 1553 1272 quidem
1575 1235 1681 1272 negat,
1704 1230 1767 1261 hoc

223 1299 365 1330 unquam
400 1288 443 1319 ita
471 1288 636 1328 accidisse,
672 1289 729 1321 sed
755 1288 925 1320 multorum
959 1287 1145 1320 testimoniis
1175 1288 1240 1330 ejus
1263 1288 1436 1328 sententia,
1470 1288 1524 1331 pia
1554 1288 1679 1331 quidem
1712 1287 1769 1319 sed

222 1346 328 1377 minus
351 1357 428 1377 vera
451 1346 643 1378 convellitur.
689 1347 740 1378 Ab
763 1346 822 1378 hac
845 1347 930 1379 enim
953 1346 1074 1388 origine
1104 1346 1279 1378 horrendas
1302 1345 1372 1377 illas
1395 1346 1619 1389 Pelopidarum
1642 1346 1766 1377 calami·

217 1409 299 1435 tates
323 1404 507 1446 profluxisse
524 1409 709 1437 constanter
725 1412 820 1448 poeta
836 1405 946 1447 tragici
961 1404 1157 1436 tradiderunt
1175 1409 1241 1436 tum
1258 1404 1320 1442 alii,
1342 1409 1409 1436 tum
1428 1404 1571 1447 inprimis
1588 1404 1764 1447 Sophocles

221 1462 254 1492 in
269 1461 531 1505 Clytaemnestra,
555 1463 673 1494 inedita
694 1463 797 1494 adhuc
818 1463 990 1505 tragoedia,
1015 1463 1102 1505 cujus
1125 1467 1283 1494 trecentos
1300 1472 1411 1494 versus
1422 1462 1583 1500 Matthaei.
1603 1462 1766 1494 Musarum

218 1519 270 1550 ille
294 1519 465 1561 sospitator
486 1520 730 1561 illustrissimus,
755 1532 835 1563 quae
857 1526 906 1553 est
928 1532 1051 1554 summa
1074 1521 1138 1563 ejus
1161 1520 1342 1560 liberalitas,
1366 1531 1490 1552 mecum
1513 1520 1763 1553 communicatus

156 1616 159 1618 Α
218 1583 274 1609 est.
329 1577 501 1620 Prologum
535 1579 629 1611 etiam
663 1580 729 1622 agit
763 1579 955 1621 Tisiphone,
990 1585 1022 1610 et
1054 1579 1136 1611 inter
1168 1579 1273 1611 varias
1306 1578 1376 1611 illas
1412 1589 1525 1611 causas
1557 1578 1651 1610 etiam
1682 1578 1764 1610 hanc

218 1642 462 1668 commemorat:
1220 1639 1222 1642 ’

570 1697 629 1738 Ἀφ’
652 1698 689 1729 οῦ
711 1699 738 1738 γ’
762 1698 879 1733 ἐκεῖνος
899 1697 1139 1738 δυστυχέστατος
1158 1696 1261 1737 γέρων

565 1756 669 1799 Ἧφησ’
691 1757 803 1787 ἑαυτοῦ
826 1756 932 1794 παῖδα,
954 1755 1048 1791 θεοὺς
1067 1755 1171 1798 λαβὼν
1193 1755 1306 1794 ξένους,
1326 1789 1329 1791 ,

574 1816 633 1848 Καὶ
655 1817 752 1848 δῶκεν
775 1815 878 1851 αὐτοῖς
898 1814 1019 1847 παιδίου
1041 1816 1148 1856 φαγεῖν
1168 1814 1256 1858 μέλη.

227 1873 360 1914 sperare
383 1873 478 1905 etiam
513 1875 561 1906 vir
583 1874 840 1917 incomparabilis
874 1885 925 1905 me
943 1874 1051 1916 jussit,
1083 1874 1180 1905 breve
1202 1873 1279 1905 illud
1301 1872 1525 1915 elegantissimi
1548 1878 1660 1915 poetae
1682 1872 1765 1914 frag-

224 1937 362 1964 mentum
396 1943 435 1964 ex
468 1933 608 1965 tenebris
640 1933 836 1977 proditurum
871 1925 951 1964 esse.
1007 1931 1329 1964 commemorandum
1363 1941 1487 1973 quoque
1520 1930 1597 1963 illud
1630 1930 1762 1970 videtur,

327 2062 348 2096 l)
367 2062 476 2091 Metam.
496 2064 512 2091 l.
533 2063 565 2092 X.
585 2064 646 2092 717.

318 2108 356 2142 m)
376 2106 483 2137 Metam.
503 2108 521 2137 l.
540 2108 572 2137 X.
595 2108 655 2137 184.
