1927 2443
925 241 959 269 12

166 326 329 362 morientis
358 329 543 374 Hippolyti,
578 340 677 373 seque
705 329 819 362 misere
847 329 1018 363 volutantis
1046 329 1232 373 adspectum
1253 329 1375 373 {err-0⁸).
1418 328 1521 372 Major
1543 333 1649 363 autem
1671 334 1719 362 est

166 388 199 420 in
232 387 332 422 altero
365 387 439 420 loco
473 387 638 421 difficultas
646 388 688 431 ⁸),
721 388 819 420 immo
846 376 994 420 maxima.
1040 388 1123 420 Nam
1153 387 1188 419 in
1220 387 1326 430 priore
1357 387 1485 430 quidem
1519 387 1718 430 conjecturae

167 445 282 478 saltem
304 445 396 479 locus
418 446 543 479 relictus
565 451 647 486 erat,
681 446 734 479 hic
756 457 833 478 vero
856 446 1008 486 ostendit,
1030 445 1231 489 Euripidem,
1253 444 1342 477 nulla
1364 450 1498 487 cogente
1520 445 1717 485 necessitate,

166 503 299 536 deornm
316 504 470 537 adversus
487 504 645 537 cadavera
666 504 774 537 odium
791 515 1067 537 commemorasse.
1114 504 1218 544 Quam
1239 504 1274 536 in
1286 503 1476 536 sententiam
1498 503 1574 545 quid
1590 508 1719 546 poetam

165 561 341 601 adduxerit,
366 562 510 605 equidem
532 567 620 595 certo
639 563 797 595 affirmare
815 563 923 595 nolim.
959 563 1186 596 Consentanea
1200 567 1308 594 tamen
1331 572 1371 594 ea
1385 562 1443 594 fuit
1458 561 1720 604 philosophorum

167 621 371 662 quorundam
393 620 431 652 de
454 621 569 653 mentis
588 621 713 653 divinae
736 621 928 664 integritate,
953 622 1092 654 concreti
1114 632 1191 653 vero
1214 626 1246 652 et
1267 620 1385 653 terreni
1407 620 1550 663 corporis
1572 619 1719 663 squalore

166 683 201 710 et
230 678 381 711 foeditate
416 679 618 719 commentis,
652 679 766 722 quibus
789 685 884 721 poeta
906 685 1016 712 noster
1041 680 1209 722 imprimis,
1240 684 1335 721 puto,
1370 678 1592 711 delectabatur.
1638 678 1720 710 Eam
1778 681 1779 686 ’

166 741 253 769 certe
276 737 319 770 ob
343 748 468 784 causam
491 736 609 770 Persae
631 737 777 770 dicuntur
798 742 942 770 mortuos
964 749 1128 781 nunquam
1149 737 1216 780 igni
1238 747 1413 778 cremasse3
1445 736 1614 770 noluerunt
1636 737 1720 769 enim

167 795 301 828 hnmani
323 797 478 838 corporis,
501 796 617 838 impuri
639 796 759 829 scilicet
779 801 811 828 et
827 797 1046 837 contaminati,
1071 797 1261 839 contagione
1283 796 1386 836 hunc,
1410 806 1504 838 quem
1526 807 1565 828 ex
1581 795 1721 829 Ormuzd

168 859 275 886 ortum
305 854 473 896 putabant,
507 854 602 886 infici.
664 854 825 897 Quidquid
859 855 916 894 sit,
950 854 1135 897 Euripidem
1163 861 1271 886 tamen
1304 865 1370 886 non
1411 859 1595 886 constanter
1627 854 1720 887 istam

167 912 312 956 regulam
346 918 484 945 secutum
506 912 603 946 fuisse
625 919 759 946 constat.
810 914 850 946 In
874 912 1078 957 Supplicibus
1107 914 1191 946 enim
1199 913 1243 958 1’),
1266 913 1405 957 quinque
1427 912 1554 946 illorum
1575 912 1717 952 heroum,

168 971 221 1013 qui
240 971 371 1003 Thebas
393 977 674 1016 oppugnaverant,
697 973 854 1004 cadavera
876 983 942 1004 non
966 973 1068 1004 solum
1090 973 1123 1004 in
1145 973 1287 1004 omnium
1309 978 1483 1014 conspectu
1505 977 1667 1014 ponuntur
1688 977 1720 1003 et

168 1040 272 1072 prope
295 1029 446 1072 templum
468 1030 631 1062 Minervae
655 1030 865 1069 collocantur,
899 1030 955 1062 sed
979 1030 1039 1062 dea
1059 1031 1130 1073 ipsa
1152 1030 1246 1062 etiam
1269 1031 1433 1073 exsequias
1455 1030 1720 1072 prosequentibus

166 1088 350 1120 intervenit.
394 1088 432 1120 Id
455 1089 539 1130 quod
561 1100 582 1120 a
605 1075 741 1121 Thetide
771 1089 865 1121 etiam
892 1090 1011 1121 factum
1033 1094 1082 1121 est
1090 1089 1122 1133 e).
1167 1089 1308 1121 Rhesum
1331 1088 1465 1131 denique
1489 1088 1667 1131 Strymonis
1691 1094 1722 1119 et

170 1146 298 1192 Musae·
318 1145 416 1178 filium
450 1146 491 1178 ab
515 1146 632 1191 Ulysse
665 1146 878 1186 interiectum,
905 1152 1008 1180 mater
1029 1147 1089 1179 dea
1122 1146 1321 1189 amplectitur
1353 1147 1553 1190 humerisque
1576 1146 1720 1185 aufertd).

144 1246 146 1248 v
169 1204 262 1245 Quae
295 1216 348 1237 res
380 1210 433 1237 aut
466 1216 609 1238 summae
638 1205 825 1249 Euripidem
859 1206 1090 1241 inconstantiae
1120 1210 1151 1238 et
1178 1205 1313 1238 levitatis
1341 1205 1492 1249 arguit'),
1527 1210 1581 1238 aut
1613 1216 1721 1238 eorum

168 1263 372 1306 opinionem,
396 1264 448 1306 qui
468 1264 617 1297 dramatis
637 1264 726 1297 istius
745 1265 939 1297 authentiam
957 1265 1136 1297 convellere
1149 1264 1373 1305 studuerunt')‚
1397 1264 1526 1296 mirifice
1545 1265 1719 1296 confirmat.

261 1399 290 1425 z)
310 1395 466 1424 musti-atur
494 1397 545 1425 hoc
573 1405 607 1425 ex
634 1395 709 1424 Suet.
728 1397 783 1425 Jul.
802 1397 879 1425 Caes.
899 1405 920 1425 c
940 1397 1078 1425 Lxxxn.
1107 1396 1172 1432 ibiq.
1192 1397 1283 1425 Pitisc.
1303 1396 1398 1425 Obiter
1420 1396 1464 1424 hic
1487 1396 1625 1425 observari
1649 1396 1719 1430 licet.

167 1438 342 1474 Lessingium
366 1438 460 1467 verba:
496 1439 558 1467 οὐδ’
576 1440 654 1475 ὄμμα
676 1442 797 1476 χραίνειν
819 1442 1018 1475 θανασίμωσιν
1046 1440 1177 1472 &mucan-
1204 1440 1369 1475 ingeniosius
1401 1437 1609 1475 interpretatum
1627 1440 1719 1468 fuisse.

167 1481 239 1510 Nam
258 1482 431 1510 morientium
449 1482 537 1510 halitu
555 1486 587 1511 ut
606 1484 861 1518 contaminarentur,
890 1484 1012 1512 homines
1033 1486 1106 1511 certe
1129 1486 1236 1515 tanturn
1255 1483 1407 1517 abfuerunt,
1435 1486 1466 1511 ut
1485 1484 1583 1519 potius,
1602 1484 1718 1511 morien-

167 1526 236 1554 tium
264 1533 423 1561 supremum
450 1526 565 1555 halitum
594 1535 642 1556 ore
666 1529 828 1566 exciperent.
866 1527 985 1564 Insignis
1014 1528 1097 1556 etiam
1124 1527 1244 1555 narratio
1268 1527 1302 1556 de
1322 1527 1372 1556 deo
1391 1527 1476 1556 Mosis
1495 1527 1613 1556 animam
1640 1534 1717 1555 oscu-

168 1570 249 1598 lando
267 1570 349 1605 quasi
367 1570 563 1606 intercipiente,
583 1579 653 1607 quae
671 1572 700 1600 in
718 1572 799 1605 libro,
827 1572 968 1600 Phetirath
988 1572 1099 1600 Mosche
1117 1572 1256 1607 inscripto,
1275 1574 1324 1599 aut
1341 1572 1429 1600 altera
1446 1572 1537 1607 potius
1555 1572 1614 1606 ejus
1633 1574 1718 1606 parte,

174 1622 270 1648 graece
291 1614 444 1649 conscripta
462 1615 582 1643 exhibita
600 1618 650 1644 est.
690 1616 722 1644 V.
735 1616 867 1644 ‘MichaeL
886 1616 996 1644 Einleit.
1015 1616 1043 1643 in
1063 1616 1087 1643 d.
1101 1615 1134 1643 N.
1145 1616 1175 1643 T.
1186 1623 1211 1650 p.
1225 1616 1367 1644 12¹7tert.
1386 1616 1450 1644 edit.
1468 1616 1539 1644 -Tum
1559 1623 1621 1643 vero
1640 1616 1720 1643 etiam

169 1658 286 1685 ἐκπνοαὶ
298 1658 459 1694 θανάσιμοι
469 1658 568 1687 dictum
583 1662 649 1695 puto
658 1667 708 1695 pro
717 1660 813 1687 mortis
823 1668 909 1695 agone
919 1659 952 1687 cf.
963 1659 1051 1688 Orest.
1063 1659 1126 1688 496.
1146 1659 1255 1688 Hercul.
1266 1658 1318 1688 fur.
1337 1659 1438 1695 Eur-ipe
1448 1659 1510 1688 980.
1530 1658 1628 1687 Phoen.
1642 1659 1718 1687 1463.

261 1705 291 1734 a)
310 1702 405 1730 Alcest
423 1703 465 1730 22.

260 1747 291 1780 b)
311 1746 374 1775 794.

262 1790 288 1822 c)
307 1789 439 1817 Androm.
461 1790 539 1817 ¹232·

264 1833 296 1865 d)
315 1832 472 1862 885—948.
654 1861 660 1867 ,

263 1877 291 1912 e)
310 1876 352 1905 Ea
370 1879 462 1905 autem
486 1878 593 1907 aliunde
621 1878 698 1908 nobis
725 1879 833 1915 cognita
857 1882 907 1908 est.
950 1879 1036 1915 Saepe
1060 1880 1142 1909 etiam
1167 1888 1184 1909 a
1203 1881 1336 1910 communi
1356 1880 1504 1916 priscorum
1524 1883 1663 1916 poetarum
1683 1880 1721 1909 di-

173 1920 281 1948 scedere
301 1921 399 1949 solitus
419 1924 469 1949 est.
507 1921 593 1955 Quam
611 1923 683 1951 enim
703 1926 872 1952 constantem
891 1927 920 1953 et
939 1926 1098 1959 perpetuam
1117 1925 1204 1960 legem
1223 1933 1283 1953 esse
1302 1925 1342 1952 ait
1360 1939 1395 1944 ——

832 1969 925 1995 θεοῒσι
943 1967 970 1995 δ’
988 1966 1037 1995 ὧδ’
1056 1968 1110 2003 ἔχει
1127 1969 1220 2004 νόμος.

614 2009 713 2045 Οὐδεὶς
730 2011 862 2046 ἀπαντᾶν
879 2011 1007 2047 pannem
1024 2014 1172 2049 προθυμίᾳ

614 2056 654 2093 Ίῇ
672 2057 721 2082 τοῦ
739 2055 884 2088 θέλοντος,
903 2055 965 2083 ἀλλ’
984 2056 1172 2093 ἀφικόμεσθ’
1191 2055 1244 2083 ἀεὶ.
1282 2054 1403 2090 (Hippoi.
1427 2055 1508 2091 1328)

173 2101 236 2121 eum
255 2095 375 2128 profecto
394 2097 496 2125 centies
514 2097 673 2132 migrarunt.
712 2099 881 2127 Confinxisse
899 2100 991 2134 itaque
1009 2106 1070 2128 eam
1088 2099 1259 2128 oeconomiae
1277 2104 1360 2126 causa
1378 2102 1497 2132 putatur.

275 2137 297 2171 f)
316 2139 347 2167 V.
368 2140 422 2168 Cel.
443 2140 533 2169 Beckii
553 2141 669 2171 Diatrib.
689 2142 722 2170 de
741 2142 839 2178 Rheso,
859 2143 1030 2179 supposititio
1049 2142 1189 2178 Euripidis
1208 2142 1339 2169 dramate.
