1927 2443
795 691 1125 756 continuatio.

913 828 945 868 ς.
969 828 998 859 6.

282 913 483 947 confecimus
505 914 610 956 itaque
633 914 792 946 dimidiam
812 914 940 954 itineris,
961 912 1050 956 qnod
1070 913 1207 956 ingressi
1222 924 1341 954 sumus,
1363 919 1503 956 partem3
1527 925 1590 957 qua
1606 914 1739 958 quidem

189 971 223 1003 in
250 972 519 1014 peregrinatione,
554 972 580 1004 si
610 972 660 1004 cui
691 972 821 1005 nimium
850 972 1002 1015 temporis
1031 971 1242 1004 consumsisse
1273 971 1448 1013 videamur,
1483 972 1583 1005 facilis
1612 973 1670 1005 erit
1700 959 1741 1005 et²

189 1035 302 1072 parata
323 1030 431 1070 nobis,
455 1031 482 1062 si
504 1042 570 1063 non
593 1030 752 1070 defensio,
787 1037 821 1063 at
842 1030 1002 1063 excusatio
1025 1035 1119 1062 certe.
1165 1030 1261 1063 Tales
1284 1030 1367 1063 enim
1388 1031 1474 1063 nacti
1497 1042 1604 1064 sumus
1627 1032 1732 1064 socios

188 1088 380 1129 comitesque
408 1088 495 1128 viae,
523 1099 544 1119 a
577 1089 689 1130 quibus
712 1100 778 1120 non
811 1089 880 1121 sine
903 1099 1028 1121 summo
1056 1088 1165 1120 dolore
1193 1087 1286 1119 avelli
1312 1094 1499 1130 pateremur.
1550 1089 1625 1121 Jam
1654 1100 1731 1121 vero

189 1145 267 1178 velis
300 1146 402 1188 passis
415 1170 423 1186 ,
458 1157 520 1190 quo
549 1146 721 1187 tendimus,
756 1147 977 1190 pervehamur.
1027 1145 1088 1178 Est
1119 1150 1225 1178 autem
1256 1146 1424 1189 reliquum,
1459 1150 1495 1178 ut
1521 1147 1730 1190 exquiramus,

188 1211 292 1237 utrum
313 1206 393 1238 torte
410 1205 562 1249 temporis
580 1217 753 1249 progressu
775 1209 869 1249 (quae
886 1211 935 1239 est
945 1206 1012 1249 ejus
1029 1205 1078 1238 vis
1099 1201 1287 1248 ἀλλοιωτὶκή)
1309 1205 1452 1238 homines
1471 1206 1566 1238 etiam
1585 1206 1624 1239 de
1645 1206 1732 1240 insti-

186 1264 259 1296 tutis
281 1264 435 1307 majorum
457 1264 559 1307 magis
581 1275 619 1296 ac
640 1264 742 1307 magis
765 1264 967 1297 desciverint.
1012 1264 1056 1296 Et
1077 1264 1183 1296 multis
1211 1255 1338 1307 quidem
1366 1264 1465 1307 signis
1487 1265 1650 1307 cognitum
1671 1271 1729 1305 est,

187 1333 296 1354 eorum
322 1322 355 1354 in
384 1322 591 1365 explanandis
613 1333 718 1355 rerum
747 1323 922 1355 futurarum
944 1323 1075 1362 ostentis
1106 1328 1160 1355 aut
1182 1322 1375 1365 diligentium
1396 1328 1452 1355 aut
1474 1323 1732 1366 superstitionem

184 1380 218 1412 in
241 1380 307 1411 dies
334 1380 430 1412 fuisse
460 1368 593 1412 auctam.
640 1380 914 1420 Quemadmodum
944 1381 1030 1412 enim
1051 1391 1281 1423 saepenumero
1303 1380 1388 1412 tenui
1410 1386 1443 1412 et
1464 1381 1581 1423 exigua
1608 1392 1666 1423 spe
1687 1382 1733 1413 ita

185 1438 451 1479 incendebantur,
485 1443 520 1471 ut
541 1438 639 1482 digito
669 1438 793 1472 coelum·
818 1439 972 1483 attingere
1002 1450 1037 1472 se
1069 1450 1165 1483 posse
1197 1443 1355 1482 putarent,
1385 1438 1433 1470 ‘ita
1466 1449 1518 1471 res
1551 1438 1730 1472 levissimae

187 1508 296 1530 eorum
324 1497 447 1529 animos
476 1508 572 1540 saepe
598 1498 639 1529 ad
668 1509 825 1530 summum
851 1498 997 1530 timorem
1030 1498 1245 1530 traduxerunt,
1291 1497 1395 1537 Quare
1422 1497 1594 1530 multarum
1615 1509 1731 1537 rerum,

188 1566 269 1599 quae
292 1555 477 1588 calamitatis
505 1555 658 1599 impetum
680 1556 869 1599 portendere
891 1556 1094 1595 videbantur,
1129 1561 1215 1588 metu
1244 1555 1410 1589 exanimati
1433 1560 1524 1596 sunt,
1558 1567 1637 1599 quas
1659 1567 1733 1589 cum

185 1615 316 1646 infectas
345 1614 477 1646 reddere
505 1626 572 1646 non
593 1620 741 1657 possent,
776 1615 817 1647 ad
838 1615 1059 1647 lustrationum
1089 1622 1121 1647 et
1146 1614 1360 1656 expiationum
1388 1614 1478 1646 varia
1504 1625 1625 1657 genera
1658 1626 1732 1647 eon·

185 1672 349 1715 fugerunt,
373 1671 503 1715 quibus,
527 1672 678 1715 quidquid
698 1672 767 1705 fieri
788 1683 856 1705 non
875 1672 1049 1713 debuisset,
1073 1673 1179 1704 animo
1202 1677 1287 1704 certe
1317 1677 1348 1704 et
1370 1671 1559 1714 cogitatione
1581 1671 1731 1704 delerent.

185 1731 334 1773 Inprimis
361 1718 466 1764 autem
494 1742 566 1763 cum
594 1731 705 1764 mortis
736 1731 925 1775 cogitatione
953 1732 1077 1764 animos
1104 1731 1328 1763 incredibiliter
1353 1730 1456 1772 fi-angi
1491 1735 1524 1763 et
1555 1731 1734 1774 perturbari

184 1789 374 1829 sensissent,
408 1789 553 1821 effectum
580 1794 629 1821 est
658 1795 707 1829 ut,
740 1789 848 1822 oblata
873 1795 939 1822 tam
968 1790 1049 1825 tristi
1071 1790 1191 1832 specie,
1230 1800 1265 1821 se
1287 1789 1381 1821 rebus
1409 1799 1563 1831 prospere
1583 1789 1732 1831 gerendis

184 1847 289 1880 minus
311 1853 404 1891 aptos
427 1848 600 1881 crederent.
645 1847 684 1881 In
711 1848 760 1881 his
789 1848 873 1881 enim
900 1848 996 1881 animi
1028 1848 1223 1881 alacritatem
1246 1852 1278 1880 et
1299 1846 1554 1890 tranquillitatem
1576 1847 1733 1881 dominari

185 1911 343 1949 putarunt.
390 1906 489 1950 Cujus
511 1907 557 1939 rei
579 1907 759 1939 observatio
787 1907 902 1939 multos
924 1907 1086 1950 impulisse
1108 1907 1248 1946 videtur,
1279 1911 1314 1938 ut
1335 1906 1520 1948 adspectum
1541 1906 1733 1939 cadaverum

184 1964 395 1997 humanorum
430 1953 603 1997 infaustum
637 1970 668 1997 et
690 1964 873 1998 detestabile
908 1976 1003 1998 omen
1035 1965 1153 1998 habere
1171 1964 1358 2008 judicarent.
1397 1962 1441 1996 Et
1461 1964 1482 1995 ii
1503 1963 1646 2006 quidem,
1681 1966 1732 2008 qni

184 2035 312 2057 omnem
340 2024 454 2058 rituum
482 2024 663 2057 funebrium
685 2026 841 2058 rationem
870 2025 1089 2069 explicandam
1112 2025 1171 2058 sibi
1192 2028 1443 2068 proposuerunt,
1478 2034 1515 2055 eo
1538 2034 1639 2067 usque
1662 2035 1733 2067 pro-

186 2083 289 2123 gressi
304 2087 393 2122 sunt,
415 2090 449 2114 ut
463 2076 556 2114 istam
571 2083 826 2125 superstitionem
840 2082 969 2116 omnem
991 2084 1210 2127 antiquitatem
1224 2082 1376 2115 imbuisse
1391 2086 1579 2122 statuerent,
1603 2083 1733 2125 ejusque

183 2140 228 2171 rei
257 2141 436 2174 testimonia
465 2141 621 2184 petierunt
649 2153 669 2174 a
697 2142 922 2175 consuetudine
957 2147 1096 2175 veterum
1127 2143 1220 2186 signa
1252 2140 1407 2185 quaedam
1437 2139 1543 2172 domui
1579 2141 1732 2181 funestae,
