1927 2443
962 252 991 283 Η

208 341 336 384 νεκροὺς
355 342 439 383 όρᾷν,
461 336 526 373 οὐδ’
548 338 634 382 ὄμμα·
644 339 781 397 χραίνειν
796 342 1002 383 δανασίμοῑισιν
1017 336 1160 377 emona:
1166 341 1201 384 ⁸).
1223 340 1391 373 Enarrabo
1413 346 1518 374 autem
1541 340 1637 373 aliam
1658 339 1753 373 hinto-

207 402 285 433 riam
297 411 363 433 non
375 400 477 433 minus
489 398 639 444 lepidam.
668 400 741 433 Dux
759 400 886 443 quidam
903 400 961 433 fuit
981 399 1279 443 Lucembnrgeusis,
1301 395 1347 432 rei
1369 399 1510 434 militaris
1532 399 1638 444 gloria
1658 394 1752 431 valde

206 459 357 502 insignis,
391 459 445 501 qui
467 470 539 491 cum
562 458 732 501 aliquando
754 454 849 491 noctu
870 458 1131 496 obdormivisset
1164 458 1295 515 ingenti·
1307 458 1438 491 tumulto
1461 469 1576 512 somno
1598 452 1752 490 excitatns

206 523 263 550 est.
317 516 401 549 Tum
434 511 573 549 animm
606 511 774 550 attendens
802 518 1006 561 sonitumque
1040 522 1189 560 captans,
1221 516 1318 549 talem
1350 516 1409 549 sibi
1439 517 1548 550 audire
1582 517 1670 550 visus
1693 520 1752 555 est,

209 575 311 618 qualis
334 586 404 608 esse
428 575 518 614 solet,
552 585 623 607 cum
645 576 764 618 pessuli
785 576 1003 620 effringuntur,
1033 580 1067 607 et
1083 576 1167 607 fores
1190 575 1396 618 cardinesque
1417 570 1620 618 concrepant.
1668 575 1754 608 Tum

207 633 276 672 ille,
300 633 384 665 fures
408 634 518 665 adesse
540 641 643 674 ratus,
667 634 776 666 omnia
797 630 964 677 diligenter
991 634 1188 677 perquirere,
1212 638 1244 666 et
1264 633 1349 665 {ores
1371 634 1557 673 observare,
1592 634 1650 666 sed
1672 633 1752 666 nihil

206 690 359 723 invenire.
405 691 552 724 Proximo
575 692 646 732 die,
676 703 750 724 cum
771 692 878 725 hostes
901 697 986 725 esset
1007 692 1194 735 adgressus,
1228 691 1350 735 ingenti
1372 691 1459 724 clade
1482 697 1615 735 accepta
1635 691 1752 724 irrisere

207 750 306 792 periit
361 750 515 790 Quisnam
541 751 637 793 igitur
664 751 717 783 ille
749 751 823 791 fuit,
858 752 911 794 qui
937 751 1019 784 ostia
1040 751 1180 793 aperuit,
1215 751 1304 807 quasi
1333 751 1516 783 testinanter
1539 750 1634 783 domo
1667 756 1752 783 esset

207 808 409 841 abeundum?
442 810 545 852 ἀγαθὴ
568 810 643 853 τύχη
675 809 825 851 hominis,
860 810 887 843 si
920 809 1084 843 audiamus
1117 820 1205 850 eum,
1240 809 1295 852 qui
1326 808 1441 842 heliam
1473 810 1569 842 istun
1601 809 1751 842 fabellam

207 867 302 900 literis
325 868 624 900 mandavit'.1ta
646 871 740 901 etiam
756 868 866 901 Musae
887 878 927 901 ex
949 867 1045 901 domo
1066 873 1180 911 poetae
1196 868 1286 900 brevi
1308 862 1447 901 morituri
1463 868 1619 901 abierunt.
1664 867 1749 908 Quid

208 926 292 957 enim
316 926 451 969 amplius
473 927 550 969 ipsis
572 927 643 959 istic
664 922 783 969 negotii
805 926 898 959 erat?
920 916 968 960 Ne
991 927 1125 959 verbum
1146 927 1241 970 igitur
1262 926 1386 959 addam.

935 1030 965 1070 ξ.
991 1031 1021 1062 8.

293 1113 459 1157 Reliquum
489 1120 551 1156 est,
587 1120 621 1147 ut
649 1115 866 1158 exquiramus,
902 1115 977 1159 quid
999 1126 1112 1147 causae
1140 1116 1248 1156 fuerit,
1284 1127 1340 1148 cur
1359 1114 1526 1158 Euripides
1548 1126 1569 1147 a.
1590 1115 1748 1147 communi

206 1172 346 1204 omnium
375 1174 524 1216 opinione
552 1173 740 1215 deciinaret,
776 1174 914 1218 deosque
947 1173 1109 1206 induceret
1137 1185 1157 1206 a
1189 1174 1379 1207 cadaverum
1410 1173 1527 1206 vicinia
1547 1172 1748 1217 refugientes.

204 1231 256 1263 Ad
285 1231 422 1264 Dianam
457 1232 584 1276 quidem
618 1233 659 1265 ab
689 1233 865 1277 Hippolyto
898 1233 1052 1266 moriente
1083 1232 1311 1274 discedentem,
1347 1232 1430 1276 quod
1463 1223 1591 1271 attinet.
1626 1232 1688 1266 hoc
1716 1239 1750 1265 ut

204 1289 360 1332 poematis
394 1292 613 1324 oeconomiam
645 1292 757 1324 melius
790 1297 943 1332 tueretur,
977 1296 1068 1324 acute
1091 1303 1111 1324 a
1132 1297 1228 1335 poeta
1260 1292 1433 1324 institutum
1465 1290 1620 1323 existimo.
1666 1291 1749 1324 Nam

204 1359 276 1380 cum
306 1348 499 1393 Hippolytus
532 1356 685 1393 perpetuo
715 1350 839 1383 Dianae
872 1350 1029 1393 praesidio
1063 1351 1211 1383 defensus
1240 1351 1367 1391 fuisset,
1400 1349 1516 1381 mirum
1538 1361 1617 1382 sane
1650 1349 1748 1382 videri

203 1412 343 1449 poterat,
376 1408 562 1440 morientem
597 1409 724 1441 demum
756 1409 1044 1454 propugnationem
1079 1420 1206 1441 omnem
1239 1409 1367 1447 deesse,
1401 1406 1487 1456 quod
1517 1418 1559 1440 ne
1582 1408 1747 1450 accideret,

203 1465 333 1508 egregie
364 1465 423 1498 sibi
450 1471 545 1508 poeta
572 1466 635 1499 hoc
662 1458 757 1522 pacto
789 1467 961 1510 prospexit.
1016 1466 1050 1500 Si
1073 1478 1149 1500 vero
1177 1467 1258 1500 forte
1289 1466 1399 1510 aliquis
1421 1471 1573 1509 quaerat,
1604 1477 1660 1499 cur
1681 1478 1748 1499 non

203 1529 298 1566 poeta
330 1525 433 1567 potius
464 1525 556 1558 deam
588 1519 766 1558 remoratus
794 1526 900 1565 fuerit,
935 1525 1038 1559 donec
1062 1514 1116 1558 ille
1150 1531 1292 1559 mortuus
1321 1530 1421 1566 esset,
1453 1524 1518 1558 hoc
1539 1523 1582 1558 ne
1603 1525 1747 1568 dignit-ti

202 1582 324 1614 Dianae
357 1593 468 1625 parum
491 1583 603 1616 decere
624 1585 797 1624 videretur,
833 1584 1006 1617 verendum
1028 1584 1250 1617 erat.'1'unc
1279 1584 1364 1616 enim
1391 1584 1524 1616 alterum
1545 1583 1623 1616 illud
1643 1594 1746 1626 genu

203 1641 409 1682 περιπετείας,
444 1641 529 1685 quod
562 1642 596 1674 in
629 1642 711 1675 felici
745 1643 830 1677 exitu
859 1643 998 1686 positum
1035 1646 1098 1684 est,
1133 1640 1361 1687 requirebatur.
1416 1641 1630 1681 Observatum
1662 1641 1748 1674 enim

202 1705 250 1731 est
282 1700 473 1743 plerumque·
489 1712 509 1732 a
530 1702 632 1743 poetis
665 1702 807 1744 tragicis,
841 1707 876 1734 ut
909 1702 969 1734 deo
998 1702 1032 1734 in
1061 1702 1199 1734 medium
1228 1707 1359 1741 vocato,
1392 1701 1438 1733 rei
1470 1700 1595 1733 felicem
1627 1700 1746 1733 exitum

204 1765 416 1799 arcesserent,
440 1770 481 1791 ne
505 1759 543 1791 de
567 1759 750 1792 anctoritate
773 1759 839 1804 ejus
862 1764 894 1791 et
916 1760 1151 1803 magnificentia
1184 1760 1383 1803 derogarent.
1428 1758 1524 1798 Quod
1547 1769 1618 1791 cum
1639 1758 1747 1791 minus

202 1818 367 1850 commode
394 1819 462 1851 fieri
484 1824 608 1862 posset,
643 1819 736 1852 deum
763 1820 946 1862 priusquam
969 1819 1010 1852 ad
1044 1820 1160 1852 exitum
1182 1825 1370 1863 perventum
1402 1824 1499 1860 esset,
1534 1830 1552 1851 e
1574 1829 1669 1851 scena
1690 1818 1747 1851 ab·

202 1874 371 1914 duxeruut,
405 1888 446 1908 ne
468 1878 503 1909 in
525 1888 648 1909 summo
676 1888 780 1909 rerum
804 1877 984 1910 discrimine
1016 1884 1070 1909 aut
1090 1878 1187 1911 fidem
1207 1878 1370 1916 deserere,
1404 1883 1460 1910 aut
1479 1877 1663 1909 inclinatam
1683 1877 1749 1909 tor-

201 1937 310 1966 tunam
333 1935 469 1968 excitare
490 1936 593 1969 minus
616 1935 783 1968 videretur.
817 1936 986 1969 Praeterea
1002 1937 1096 1968 etiam
1111 1936 1164 1969 vix
1185 1936 1262 1969 satis
1279 1936 1411 1969 decebat
1428 1935 1523 1969 deam
1537 1933 1748 1968 castissimam

294 2096 324 2130 x)
343 2095 417 2125 Suid
436 2105 459 2125 s.
479 2104 504 2125 v.
523 2091 671 2127 Philemon.

291 2142 321 2173 y)
341 2139 414 2174 Miri,
432 2140 618 2170 Wunder-bare
637 2140 810 2170 Traumfflle.
847 2115 942 2170 Etstes
961 2140 1097 2171 Hundert.
