<?xml version="1.0" encoding="UTF-8"?>
<!DOCTYPE html PUBLIC "-//W3C//DTD XHTML 1.0 Transitional//EN"
    "http://www.w3.org/TR/xhtml1/DTD/xhtml1-transitional.dtd">
<html xmlns="http://www.w3.org/1999/xhtml" xml:lang="en" lang="en">
 <head>
  <title>
</title>
<meta http-equiv="Content-Type" content="text/html;charset=utf-8" />
  <meta name='ocr-system' content='tesseract 3.04.00' />
  <meta name='ocr-capabilities' content='ocr_page ocr_carea ocr_par ocr_line ocrx_word'/>
</head>
<body>
  <div class='ocr_page' id='page_1' title='image "./4630598_0015.png"; bbox 0 0 1927 2443; ppageno 0'>
   <div class='ocr_carea' id='block_1_1' title="bbox 989 242 1007 270">
    <p class='ocr_par' dir='ltr' id='par_1_1' title="bbox 989 242 1007 270">
     <span class='ocr_line' id='line_1_1' title="bbox 989 242 1007 270; baseline 0 0"><span class='ocrx_word' id='word_1_1' title='bbox 989 242 1007 270; x_wconf 80' lang='lat'>8</span> 
     </span>
    </p>
   </div>
   <div class='ocr_carea' id='block_1_2' title="bbox 889 279 1106 285">
    <p class='ocr_par' dir='ltr' id='par_1_2' title="bbox 889 279 1106 285">
     <span class='ocr_line' id='line_1_2' title="bbox 889 279 1106 285; baseline 0 0"><span class='ocrx_word' id='word_1_2' title='bbox 889 279 1106 285; x_wconf 95' lang='lat' dir='ltr'> </span> 
     </span>
    </p>
   </div>
   <div class='ocr_carea' id='block_1_3' title="bbox 203 328 1776 1828">
    <p class='ocr_par' dir='ltr' id='par_1_3' title="bbox 203 328 1776 1828">
     <span class='ocr_line' id='line_1_3' title="bbox 221 328 1768 373; baseline -0.002 -10"><span class='ocrx_word' id='word_1_3' title='bbox 221 331 410 363; x_wconf 83' lang='lat' dir='ltr'>cadaverum</span> <span class='ocrx_word' id='word_1_4' title='bbox 438 330 590 373; x_wconf 87' lang='lat' dir='ltr'>adspectu</span> <span class='ocrx_word' id='word_1_5' title='bbox 612 329 763 372; x_wconf 83' lang='lat' dir='ltr'><strong>prohibiti</strong></span> <span class='ocrx_word' id='word_1_6' title='bbox 789 340 861 362; x_wconf 86' lang='lat' dir='ltr'>esse</span> <span class='ocrx_word' id='word_1_7' title='bbox 883 330 1124 373; x_wconf 73' lang='lat' dir='ltr'>perhibeantur,</span> <span class='ocrx_word' id='word_1_8' title='bbox 1160 329 1304 361; x_wconf 88' lang='lat' dir='ltr'>concludi</span> <span class='ocrx_word' id='word_1_9' title='bbox 1331 328 1440 368; x_wconf 83' lang='lat' dir='ltr'>liceat,</span> <span class='ocrx_word' id='word_1_10' title='bbox 1476 328 1518 361; x_wconf 75' lang='lat' dir='ltr'>ab</span> <span class='ocrx_word' id='word_1_11' title='bbox 1540 328 1652 361; x_wconf 88' lang='lat' dir='ltr'>eodem</span> <span class='ocrx_word' id='word_1_12' title='bbox 1675 329 1768 361; x_wconf 83' lang='lat' dir='ltr'>etiam</span> 
     </span>
     <span class='ocr_line' id='line_1_4' title="bbox 221 388 1768 431; baseline -0.001 -10"><span class='ocrx_word' id='word_1_13' title='bbox 221 390 297 422; x_wconf 86' lang='lat' dir='ltr'>deos</span> <span class='ocrx_word' id='word_1_14' title='bbox 319 388 488 431; x_wconf 68' lang='lat' dir='ltr'>refugisse,</span> <span class='ocrx_word' id='word_1_15' title='bbox 516 388 544 420; x_wconf 87' lang='lat' dir='ltr'>ei</span> <span class='ocrx_word' id='word_1_16' title='bbox 565 388 694 428; x_wconf 82' lang='lat' dir='ltr'>rationi,</span> <span class='ocrx_word' id='word_1_17' title='bbox 709 393 711 395; x_wconf 85' lang='lat'>&#39;</span> <span class='ocrx_word' id='word_1_18' title='bbox 724 399 821 431; x_wconf 86' lang='lat' dir='ltr'>quam</span> <span class='ocrx_word' id='word_1_19' title='bbox 843 393 938 420; x_wconf 86' lang='lat' dir='ltr'>antea</span> <span class='ocrx_word' id='word_1_20' title='bbox 959 389 1057 421; x_wconf 89' lang='lat' dir='ltr'>secuti</span> <span class='ocrx_word' id='word_1_21' title='bbox 1079 399 1205 428; x_wconf 87' lang='lat' dir='ltr'>sumus,</span> <span class='ocrx_word' id='word_1_22' title='bbox 1241 393 1491 420; x_wconf 82' lang='lat' dir='ltr'>consentaneum</span> <span class='ocrx_word' id='word_1_23' title='bbox 1523 393 1586 427; x_wconf 87' lang='lat' dir='ltr'>est,</span> <span class='ocrx_word' id='word_1_24' title='bbox 1621 394 1669 429; x_wconf 88' lang='lat' dir='ltr'>ut,</span> <span class='ocrx_word' id='word_1_25' title='bbox 1694 388 1768 431; x_wconf 89' lang='lat' dir='ltr'>quid</span> 
     </span>
     <span class='ocr_line' id='line_1_5' title="bbox 220 445 1770 489; baseline 0 -10"><span class='ocrx_word' id='word_1_26' title='bbox 220 448 253 479; x_wconf 91' lang='lat' dir='ltr'>in</span> <span class='ocrx_word' id='word_1_27' title='bbox 275 446 430 479; x_wconf 73' lang='lat' dir='ltr'><strong>similibus</strong></span> <span class='ocrx_word' id='word_1_28' title='bbox 452 447 519 479; x_wconf 85' lang='lat' dir='ltr'>fieri</span> <span class='ocrx_word' id='word_1_29' title='bbox 541 446 700 487; x_wconf 82' lang='lat' dir='ltr'>debuerit,</span> <span class='ocrx_word' id='word_1_30' title='bbox 724 446 834 479; x_wconf 86' lang='lat' dir='ltr'>sedulo</span> <span class='ocrx_word' id='word_1_31' title='bbox 857 447 1066 489; x_wconf 76' lang='lat' dir='ltr'>exquiramus.</span> <span class='ocrx_word' id='word_1_32' title='bbox 1110 446 1239 479; x_wconf 84' lang='lat' dir='ltr'>Etenim</span> <span class='ocrx_word' id='word_1_33' title='bbox 1259 457 1325 478; x_wconf 90' lang='lat' dir='ltr'>non</span> <span class='ocrx_word' id='word_1_34' title='bbox 1348 445 1451 478; x_wconf 88' lang='lat' dir='ltr'>solum</span> <span class='ocrx_word' id='word_1_35' title='bbox 1469 446 1631 478; x_wconf 88' lang='lat' dir='ltr'>Lucianus</span> <span class='ocrx_word' id='word_1_36' title='bbox 1652 457 1770 479; x_wconf 81' lang='lat' dir='ltr'>memo-</span> 
     </span>
     <span class='ocr_line' id='line_1_6' title="bbox 219 503 1770 547; baseline -0.001 -11"><span class='ocrx_word' id='word_1_37' title='bbox 219 505 285 536; x_wconf 88' lang='lat' dir='ltr'>riae</span> <span class='ocrx_word' id='word_1_38' title='bbox 307 504 449 544; x_wconf 80' lang='lat' dir='ltr'>tradidit,</span> <span class='ocrx_word' id='word_1_39' title='bbox 473 515 543 544; x_wconf 89' lang='lat' dir='ltr'>eos,</span> <span class='ocrx_word' id='word_1_40' title='bbox 573 504 626 545; x_wconf 86' lang='lat' dir='ltr'>qui</span> <span class='ocrx_word' id='word_1_41' title='bbox 649 504 769 536; x_wconf 79' lang='lat' dir='ltr'>amicae</span> <span class='ocrx_word' id='word_1_42' title='bbox 792 515 923 546; x_wconf 88' lang='lat' dir='ltr'>operam</span> <span class='ocrx_word' id='word_1_43' title='bbox 950 503 1126 544; x_wconf 74' lang='lat' dir='ltr'>dedissent,</span> <span class='ocrx_word' id='word_1_44' title='bbox 1156 504 1301 546; x_wconf 89' lang='lat' dir='ltr'>proximo</span> <span class='ocrx_word' id='word_1_45' title='bbox 1324 504 1373 535; x_wconf 88' lang='lat' dir='ltr'>die</span> <span class='ocrx_word' id='word_1_46' title='bbox 1396 515 1416 535; x_wconf 87' lang='lat' dir='ltr'>a</span> <span class='ocrx_word' id='word_1_47' title='bbox 1438 504 1536 535; x_wconf 86' lang='lat' dir='ltr'>sacris</span> <span class='ocrx_word' id='word_1_48' title='bbox 1558 503 1636 535; x_wconf 81' lang='lat' dir='ltr'>deae</span> <span class='ocrx_word' id='word_1_49' title='bbox 1658 504 1770 547; x_wconf 82' lang='lat' dir='ltr'>Syriae</span> 
     </span>
     <span class='ocr_line' id='line_1_7' title="bbox 220 561 1770 604; baseline -0.001 -10"><span class='ocrx_word' id='word_1_50' title='bbox 220 562 373 595; x_wconf 71' lang='lat' dir='ltr'>faciendis</span> <span class='ocrx_word' id='word_1_51' title='bbox 396 562 593 602; x_wconf 78' lang='lat' dir='ltr'>abstinuisse,</span> <span class='ocrx_word' id='word_1_52' title='bbox 617 561 675 594; x_wconf 84' lang='lat' dir='ltr'>sed</span> <span class='ocrx_word' id='word_1_53' title='bbox 697 562 791 594; x_wconf 88' lang='lat' dir='ltr'>etiam</span> <span class='ocrx_word' id='word_1_54' title='bbox 806 572 917 594; x_wconf 87' lang='lat' dir='ltr'>omnes</span> <span class='ocrx_word' id='word_1_55' title='bbox 940 562 1006 594; x_wconf 84' lang='lat' dir='ltr'>fere</span> <span class='ocrx_word' id='word_1_56' title='bbox 1029 561 1184 594; x_wconf 82' lang='lat' dir='ltr'>Graeciae</span> <span class='ocrx_word' id='word_1_57' title='bbox 1201 561 1374 604; x_wconf 79' lang='lat' dir='ltr'>Italiaeque</span> <span class='ocrx_word' id='word_1_58' title='bbox 1391 566 1503 604; x_wconf 82' lang='lat' dir='ltr'>gentes</span> <span class='ocrx_word' id='word_1_59' title='bbox 1526 561 1660 593; x_wconf 85' lang='lat' dir='ltr'>eandem</span> <span class='ocrx_word' id='word_1_60' title='bbox 1675 562 1770 594; x_wconf 86' lang='lat' dir='ltr'>rebus</span> 
     </span>
     <span class='ocr_line' id='line_1_8' title="bbox 222 619 1770 662; baseline -0.001 -10"><span class='ocrx_word' id='word_1_61' title='bbox 222 620 337 652; x_wconf 90' lang='lat' dir='ltr'>divinis</span> <span class='ocrx_word' id='word_1_62' title='bbox 356 620 565 652; x_wconf 87' lang='lat' dir='ltr'>reverentiam</span> <span class='ocrx_word' id='word_1_63' title='bbox 582 620 787 662; x_wconf 82' lang='lat' dir='ltr'>praestitisse,</span> <span class='ocrx_word' id='word_1_64' title='bbox 811 620 971 662; x_wconf 86' lang='lat' dir='ltr'>proditum</span> <span class='ocrx_word' id='word_1_65' title='bbox 986 625 1043 652; x_wconf 88' lang='lat' dir='ltr'>est.</span> <span class='ocrx_word' id='word_1_66' title='bbox 1056 619 1082 659; x_wconf 70' lang='lat' dir='ltr'>h)</span> <span class='ocrx_word' id='word_1_67' title='bbox 1127 620 1203 653; x_wconf 83' lang='lat' dir='ltr'>Jam</span> <span class='ocrx_word' id='word_1_68' title='bbox 1221 631 1298 652; x_wconf 90' lang='lat' dir='ltr'>vero</span> <span class='ocrx_word' id='word_1_69' title='bbox 1320 631 1449 662; x_wconf 81' lang='lat' dir='ltr'>quaero,</span> <span class='ocrx_word' id='word_1_70' title='bbox 1473 625 1576 652; x_wconf 86' lang='lat' dir='ltr'>utrum</span> <span class='ocrx_word' id='word_1_71' title='bbox 1592 620 1633 651; x_wconf 91' lang='lat' dir='ltr'>dii</span> <span class='ocrx_word' id='word_1_72' title='bbox 1649 619 1770 660; x_wconf 90' lang='lat' dir='ltr'>iisdem,</span> 
     </span>
     <span class='ocr_line' id='line_1_9' title="bbox 223 671 1771 721; baseline -0.001 -10"><span class='ocrx_word' id='word_1_73' title='bbox 223 678 338 721; x_wconf 71' lang='lat' dir='ltr'>quibus</span> <span class='ocrx_word' id='word_1_74' title='bbox 370 678 528 718; x_wconf 87' lang='lat' dir='ltr'>homines,</span> <span class='ocrx_word' id='word_1_75' title='bbox 562 677 686 720; x_wconf 84' lang='lat' dir='ltr'>legibus</span> <span class='ocrx_word' id='word_1_76' title='bbox 714 671 830 710; x_wconf 77' lang='lat' dir='ltr'>fuerint</span> <span class='ocrx_word' id='word_1_77' title='bbox 861 677 1026 710; x_wconf 79' lang='lat' dir='ltr'>adstricti?</span> <span class='ocrx_word' id='word_1_78' title='bbox 1059 678 1216 710; x_wconf 85' lang='lat' dir='ltr'>Homines</span> <span class='ocrx_word' id='word_1_79' title='bbox 1248 684 1332 710; x_wconf 88' lang='lat' dir='ltr'>certe</span> <span class='ocrx_word' id='word_1_80' title='bbox 1354 678 1500 721; x_wconf 82' lang='lat' dir='ltr'>religioni</span> <span class='ocrx_word' id='word_1_81' title='bbox 1522 677 1581 709; x_wconf 87' lang='lat' dir='ltr'>sibi</span> <span class='ocrx_word' id='word_1_82' title='bbox 1604 677 1771 718; x_wconf 84' lang='lat' dir='ltr'>ducebant,</span> 
     </span>
     <span class='ocr_line' id='line_1_10' title="bbox 222 736 1772 780; baseline -0.001 -10"><span class='ocrx_word' id='word_1_83' title='bbox 222 739 294 770; x_wconf 87' lang='lat' dir='ltr'>viso</span> <span class='ocrx_word' id='word_1_84' title='bbox 316 742 442 770; x_wconf 90' lang='lat' dir='ltr'>tactove</span> <span class='ocrx_word' id='word_1_85' title='bbox 459 736 622 777; x_wconf 84' lang='lat' dir='ltr'>cadavere,</span> <span class='ocrx_word' id='word_1_86' title='bbox 643 736 684 769; x_wconf 92' lang='lat' dir='ltr'>ad</span> <span class='ocrx_word' id='word_1_87' title='bbox 703 737 780 769; x_wconf 89' lang='lat' dir='ltr'>deos</span> <span class='ocrx_word' id='word_1_88' title='bbox 804 736 905 777; x_wconf 79' lang='lat' dir='ltr'>adire3</span> <span class='ocrx_word' id='word_1_89' title='bbox 929 747 968 769; x_wconf 90' lang='lat' dir='ltr'>ex</span> <span class='ocrx_word' id='word_1_90' title='bbox 991 748 1055 780; x_wconf 90' lang='lat' dir='ltr'>quo</span> <span class='ocrx_word' id='word_1_91' title='bbox 1077 737 1146 777; x_wconf 89' lang='lat' dir='ltr'>isti,</span> <span class='ocrx_word' id='word_1_92' title='bbox 1170 748 1251 780; x_wconf 91' lang='lat' dir='ltr'>quos</span> <span class='ocrx_word' id='word_1_93' title='bbox 1267 736 1474 777; x_wconf 82' lang='lat' dir='ltr'>laudavimus,</span> <span class='ocrx_word' id='word_1_94' title='bbox 1499 736 1772 779; x_wconf 75' lang='lat' dir='ltr'>callideexsculp-</span> 
     </span>
     <span class='ocr_line' id='line_1_11' title="bbox 224 795 1775 838; baseline 0.001 -11"><span class='ocrx_word' id='word_1_95' title='bbox 224 801 350 836; x_wconf 86' lang='lat' dir='ltr'>serunt,</span> <span class='ocrx_word' id='word_1_96' title='bbox 385 796 460 828; x_wconf 91' lang='lat' dir='ltr'>deos</span> <span class='ocrx_word' id='word_1_97' title='bbox 493 796 587 827; x_wconf 88' lang='lat' dir='ltr'>etiam</span> <span class='ocrx_word' id='word_1_98' title='bbox 608 796 728 828; x_wconf 67' lang='lat' dir='ltr'>funeris</span> <span class='ocrx_word' id='word_1_99' title='bbox 750 795 937 837; x_wconf 87' lang='lat' dir='ltr'>adspectum</span> <span class='ocrx_word' id='word_1_100' title='bbox 959 796 1055 828; x_wconf 89' lang='lat' dir='ltr'>fuisse</span> <span class='ocrx_word' id='word_1_101' title='bbox 1090 796 1272 828; x_wconf 85' lang='lat' dir='ltr'>detestatos.</span> <span class='ocrx_word' id='word_1_102' title='bbox 1318 795 1383 828; x_wconf 85' lang='lat' dir='ltr'>Sed</span> <span class='ocrx_word' id='word_1_103' title='bbox 1413 806 1484 827; x_wconf 89' lang='lat' dir='ltr'>cum</span> <span class='ocrx_word' id='word_1_104' title='bbox 1511 796 1775 838; x_wconf 83' lang='lat' dir='ltr'>perspectum-sit</span> 
     </span>
     <span class='ocr_line' id='line_1_12' title="bbox 225 850 1774 897; baseline 0 -11"><span class='ocrx_word' id='word_1_105' title='bbox 225 854 494 897; x_wconf 87' lang='lat' dir='ltr'>exploratumque,</span> <span class='ocrx_word' id='word_1_106' title='bbox 511 854 641 886; x_wconf 90' lang='lat' dir='ltr'>eosdem</span> <span class='ocrx_word' id='word_1_107' title='bbox 652 854 786 887; x_wconf 89' lang='lat' dir='ltr'>Veneris</span> <span class='ocrx_word' id='word_1_108' title='bbox 803 865 896 886; x_wconf 87' lang='lat' dir='ltr'>usum</span> <span class='ocrx_word' id='word_1_109' title='bbox 911 865 972 886; x_wconf 84' lang='lat' dir='ltr'>nec</span> <span class='ocrx_word' id='word_1_110' title='bbox 988 854 1187 887; x_wconf 87' lang='lat' dir='ltr'>abominatos</span> <span class='ocrx_word' id='word_1_111' title='bbox 1202 854 1309 895; x_wconf 86' lang='lat' dir='ltr'>fuisse,</span> <span class='ocrx_word' id='word_1_112' title='bbox 1332 864 1392 886; x_wconf 89' lang='lat' dir='ltr'>uec</span> <span class='ocrx_word' id='word_1_113' title='bbox 1403 865 1462 896; x_wconf 91' lang='lat' dir='ltr'>pro</span> <span class='ocrx_word' id='word_1_114' title='bbox 1480 854 1604 897; x_wconf 88' lang='lat' dir='ltr'>piaculo</span> <span class='ocrx_word' id='word_1_115' title='bbox 1615 850 1774 894; x_wconf 84' lang='lat' dir='ltr'>habuisse,</span> 
     </span>
     <span class='ocr_line' id='line_1_13' title="bbox 225 912 1775 954; baseline 0 -10"><span class='ocrx_word' id='word_1_116' title='bbox 225 912 350 944; x_wconf 88' lang='lat' dir='ltr'>etiamsi</span> <span class='ocrx_word' id='word_1_117' title='bbox 371 912 513 944; x_wconf 86' lang='lat' dir='ltr'>homines</span> <span class='ocrx_word' id='word_1_118' title='bbox 535 917 610 954; x_wconf 89' lang='lat' dir='ltr'>post</span> <span class='ocrx_word' id='word_1_119' title='bbox 632 912 833 944; x_wconf 83' lang='lat' dir='ltr'>concubitum</span> <span class='ocrx_word' id='word_1_120' title='bbox 862 912 980 954; x_wconf 76' lang='lat' dir='ltr'>templa</span> <span class='ocrx_word' id='word_1_121' title='bbox 1008 923 1117 944; x_wconf 90' lang='lat' dir='ltr'>eorum</span> <span class='ocrx_word' id='word_1_122' title='bbox 1140 912 1226 944; x_wconf 87' lang='lat' dir='ltr'>adire</span> <span class='ocrx_word' id='word_1_123' title='bbox 1249 912 1386 953; x_wconf 89' lang='lat' dir='ltr'>nollent,</span> <span class='ocrx_word' id='word_1_124' title='bbox 1420 912 1594 944; x_wconf 88' lang='lat' dir='ltr'>verendum</span> <span class='ocrx_word' id='word_1_125' title='bbox 1618 923 1695 944; x_wconf 87' lang='lat' dir='ltr'>sane</span> <span class='ocrx_word' id='word_1_126' title='bbox 1718 919 1775 952; x_wconf 88' lang='lat' dir='ltr'>est,</span> 
     </span>
     <span class='ocr_line' id='line_1_14' title="bbox 226 969 1774 1012; baseline -0.001 -10"><span class='ocrx_word' id='word_1_127' title='bbox 226 981 268 1002; x_wconf 87' lang='lat' dir='ltr'>ne</span> <span class='ocrx_word' id='word_1_128' title='bbox 297 970 343 1002; x_wconf 92' lang='lat' dir='ltr'>illi</span> <span class='ocrx_word' id='word_1_129' title='bbox 372 969 546 1012; x_wconf 78' lang='lat' dir='ltr'>plusculum</span> <span class='ocrx_word' id='word_1_130' title='bbox 576 970 674 1012; x_wconf 78' lang='lat' dir='ltr'>digito</span> <span class='ocrx_word' id='word_1_131' title='bbox 697 981 717 1002; x_wconf 88' lang='lat' dir='ltr'>a</span> <span class='ocrx_word' id='word_1_132' title='bbox 739 970 870 1002; x_wconf 88' lang='lat' dir='ltr'>veritate</span> <span class='ocrx_word' id='word_1_133' title='bbox 894 969 1058 1002; x_wconf 87' lang='lat' dir='ltr'>deflexisse</span> <span class='ocrx_word' id='word_1_134' title='bbox 1089 970 1331 1012; x_wconf 82' lang='lat' dir='ltr'>comperiantur.</span> <span class='ocrx_word' id='word_1_135' title='bbox 1387 970 1587 1002; x_wconf 76' lang='lat' dir='ltr'>Manifestum</span> <span class='ocrx_word' id='word_1_136' title='bbox 1610 970 1694 1001; x_wconf 89' lang='lat' dir='ltr'>enim</span> <span class='ocrx_word' id='word_1_137' title='bbox 1717 975 1774 1010; x_wconf 87' lang='lat' dir='ltr'>est,</span> 
     </span>
     <span class='ocr_line' id='line_1_15' title="bbox 225 1027 1775 1070; baseline -0.001 -10"><span class='ocrx_word' id='word_1_138' title='bbox 225 1038 429 1070; x_wconf 83' lang='lat' dir='ltr'>nequaquam</span> <span class='ocrx_word' id='word_1_139' title='bbox 461 1038 499 1059; x_wconf 88' lang='lat' dir='ltr'>ex</span> <span class='ocrx_word' id='word_1_140' title='bbox 532 1038 586 1068; x_wconf 87' lang='lat' dir='ltr'>eo,</span> <span class='ocrx_word' id='word_1_141' title='bbox 621 1028 706 1070; x_wconf 90' lang='lat' dir='ltr'>quod</span> <span class='ocrx_word' id='word_1_142' title='bbox 741 1028 923 1060; x_wconf 86' lang='lat' dir='ltr'>hominibus</span> <span class='ocrx_word' id='word_1_143' title='bbox 955 1028 1059 1059; x_wconf 71' lang='lat' dir='ltr'>facere</span> <span class='ocrx_word' id='word_1_144' title='bbox 1094 1029 1183 1060; x_wconf 84' lang='lat' dir='ltr'>nefas</span> <span class='ocrx_word' id='word_1_145' title='bbox 1218 1028 1325 1067; x_wconf 86' lang='lat' dir='ltr'>fuerit,</span> <span class='ocrx_word' id='word_1_146' title='bbox 1361 1028 1400 1059; x_wconf 88' lang='lat' dir='ltr'>de</span> <span class='ocrx_word' id='word_1_147' title='bbox 1428 1028 1559 1060; x_wconf 90' lang='lat' dir='ltr'>deorum</span> <span class='ocrx_word' id='word_1_148' title='bbox 1592 1027 1775 1069; x_wconf 88' lang='lat' dir='ltr'>disciplinae</span> 
     </span>
     <span class='ocr_line' id='line_1_16' title="bbox 225 1085 1775 1129; baseline -0.001 -11"><span class='ocrx_word' id='word_1_149' title='bbox 225 1086 349 1119; x_wconf 81' lang='lat' dir='ltr'>ratione</span> <span class='ocrx_word' id='word_1_150' title='bbox 367 1085 500 1129; x_wconf 86' lang='lat' dir='ltr'>judicari</span> <span class='ocrx_word' id='word_1_151' title='bbox 521 1096 624 1128; x_wconf 84' lang='lat' dir='ltr'>posse.</span> <span class='ocrx_word' id='word_1_152' title='bbox 672 1085 750 1126; x_wconf 84' lang='lat' dir='ltr'>Quis</span> <span class='ocrx_word' id='word_1_153' title='bbox 773 1097 850 1118; x_wconf 91' lang='lat' dir='ltr'>vero</span> <span class='ocrx_word' id='word_1_154' title='bbox 873 1091 937 1126; x_wconf 86' lang='lat' dir='ltr'>est,</span> <span class='ocrx_word' id='word_1_155' title='bbox 961 1086 1016 1128; x_wconf 87' lang='lat' dir='ltr'>qui</span> <span class='ocrx_word' id='word_1_156' title='bbox 1038 1086 1115 1118; x_wconf 90' lang='lat' dir='ltr'>deos</span> <span class='ocrx_word' id='word_1_157' title='bbox 1133 1097 1152 1118; x_wconf 92' lang='lat' dir='ltr'>a</span> <span class='ocrx_word' id='word_1_158' title='bbox 1167 1086 1263 1118; x_wconf 86' lang='lat' dir='ltr'>rebus</span> <span class='ocrx_word' id='word_1_159' title='bbox 1286 1086 1430 1118; x_wconf 86' lang='lat' dir='ltr'>venereis</span> <span class='ocrx_word' id='word_1_160' title='bbox 1452 1086 1641 1118; x_wconf 67' lang='lat' dir='ltr'>abstinuisse</span> <span class='ocrx_word' id='word_1_161' title='bbox 1664 1085 1775 1128; x_wconf 85' lang='lat' dir='ltr'>putet?</span> 
     </span>
     <span class='ocr_line' id='line_1_17' title="bbox 203 1144 1775 1187; baseline 0.001 -11"><span class='ocrx_word' id='word_1_162' title='bbox 203 1163 206 1166; x_wconf 61' lang='lat'><strong>&gt;</strong></span> <span class='ocrx_word' id='word_1_163' title='bbox 225 1144 351 1177; x_wconf 88' lang='lat' dir='ltr'>Evolve</span> <span class='ocrx_word' id='word_1_164' title='bbox 373 1149 496 1186; x_wconf 86' lang='lat' dir='ltr'>patres,</span> <span class='ocrx_word' id='word_1_165' title='bbox 520 1144 697 1177; x_wconf 88' lang='lat' dir='ltr'>Arnobium</span> <span class='ocrx_word' id='word_1_166' title='bbox 720 1145 806 1185; x_wconf 87' lang='lat' dir='ltr'>dico,</span> <span class='ocrx_word' id='word_1_167' title='bbox 830 1144 1075 1184; x_wconf 86' lang='lat' dir='ltr'>Tertullianum,</span> <span class='ocrx_word' id='word_1_168' title='bbox 1102 1145 1319 1183; x_wconf 81' lang='lat' dir='ltr'>Lactantium,</span> <span class='ocrx_word' id='word_1_169' title='bbox 1348 1144 1488 1187; x_wconf 88' lang='lat' dir='ltr'>aliosque</span> <span class='ocrx_word' id='word_1_170' title='bbox 1516 1145 1694 1187; x_wconf 80' lang='lat' dir='ltr'>paganismi</span> <span class='ocrx_word' id='word_1_171' title='bbox 1717 1144 1775 1176; x_wconf 87' lang='lat' dir='ltr'>diis</span> 
     </span>
     <span class='ocr_line' id='line_1_18' title="bbox 225 1195 1774 1245; baseline 0.001 -11"><span class='ocrx_word' id='word_1_172' title='bbox 225 1202 348 1235; x_wconf 85' lang='lat' dir='ltr'>idolicis</span> <span class='ocrx_word' id='word_1_173' title='bbox 371 1202 586 1234; x_wconf 83' lang='lat' dir='ltr'>exancillantis</span> <span class='ocrx_word' id='word_1_174' title='bbox 608 1203 795 1235; x_wconf 71' lang='lat' dir='ltr'>refutatores</span> <span class='ocrx_word' id='word_1_175' title='bbox 825 1208 857 1234; x_wconf 87' lang='lat' dir='ltr'>et</span> <span class='ocrx_word' id='word_1_176' title='bbox 878 1202 1104 1244; x_wconf 81' lang='lat' dir='ltr'>refragatores,</span> <span class='ocrx_word' id='word_1_177' title='bbox 1139 1208 1173 1235; x_wconf 90' lang='lat' dir='ltr'>ut</span> <span class='ocrx_word' id='word_1_178' title='bbox 1194 1203 1358 1245; x_wconf 86' lang='lat' dir='ltr'>ipsissimis</span> <span class='ocrx_word' id='word_1_179' title='bbox 1382 1214 1490 1235; x_wconf 87' lang='lat' dir='ltr'>eorum</span> <span class='ocrx_word' id='word_1_180' title='bbox 1513 1195 1617 1235; x_wconf 82' lang='lat' dir='ltr'>verbis</span> <span class='ocrx_word' id='word_1_181' title='bbox 1639 1209 1774 1236; x_wconf 83' lang='lat' dir='ltr'>utamur.</span> 
     </span>
     <span class='ocr_line' id='line_1_19' title="bbox 225 1260 1773 1304; baseline 0 -11"><span class='ocrx_word' id='word_1_182' title='bbox 225 1260 376 1293; x_wconf 85' lang='lat' dir='ltr'>Articulis</span> <span class='ocrx_word' id='word_1_183' title='bbox 409 1260 430 1292; x_wconf 92' lang='lat' dir='ltr'>ii</span> <span class='ocrx_word' id='word_1_184' title='bbox 460 1266 643 1303; x_wconf 83' lang='lat' dir='ltr'>computant</span> <span class='ocrx_word' id='word_1_185' title='bbox 676 1261 801 1304; x_wconf 86' lang='lat' dir='ltr'>singula</span> <span class='ocrx_word' id='word_1_186' title='bbox 833 1261 925 1293; x_wconf 90' lang='lat' dir='ltr'>unius</span> <span class='ocrx_word' id='word_1_187' title='bbox 959 1261 1109 1304; x_wconf 87' lang='lat' dir='ltr'>cujusque</span> <span class='ocrx_word' id='word_1_188' title='bbox 1149 1261 1280 1294; x_wconf 84' lang='lat' dir='ltr'>deorum</span> <span class='ocrx_word' id='word_1_189' title='bbox 1308 1261 1404 1300; x_wconf 84' lang='lat' dir='ltr'>furta,</span> <span class='ocrx_word' id='word_1_190' title='bbox 1438 1261 1604 1302; x_wconf 84' lang='lat' dir='ltr'>adulteria,</span> <span class='ocrx_word' id='word_1_191' title='bbox 1639 1272 1773 1294; x_wconf 86' lang='lat' dir='ltr'>amores.</span> 
     </span>
     <span class='ocr_line' id='line_1_20' title="bbox 226 1319 1776 1361; baseline 0.001 -11"><span class='ocrx_word' id='word_1_192' title='bbox 226 1319 322 1358; x_wconf 86' lang='lat' dir='ltr'>Quod</span> <span class='ocrx_word' id='word_1_193' title='bbox 340 1329 419 1350; x_wconf 88' lang='lat' dir='ltr'>vero</span> <span class='ocrx_word' id='word_1_194' title='bbox 442 1319 483 1350; x_wconf 89' lang='lat' dir='ltr'>ad</span> <span class='ocrx_word' id='word_1_195' title='bbox 493 1319 624 1351; x_wconf 84' lang='lat' dir='ltr'>Veneris</span> <span class='ocrx_word' id='word_1_196' title='bbox 644 1324 716 1361; x_wconf 86' lang='lat' dir='ltr'>post</span> <span class='ocrx_word' id='word_1_197' title='bbox 739 1320 940 1351; x_wconf 85' lang='lat' dir='ltr'>concubitum</span> <span class='ocrx_word' id='word_1_198' title='bbox 961 1319 1154 1352; x_wconf 80' lang='lat' dir='ltr'>lavationem</span> <span class='ocrx_word' id='word_1_199' title='bbox 1176 1319 1324 1359; x_wconf 88' lang='lat' dir='ltr'>attinet¹),</span> <span class='ocrx_word' id='word_1_200' title='bbox 1349 1330 1387 1351; x_wconf 86' lang='lat' dir='ltr'>ea</span> <span class='ocrx_word' id='word_1_201' title='bbox 1406 1319 1499 1361; x_wconf 84' lang='lat' dir='ltr'>plane</span> <span class='ocrx_word' id='word_1_202' title='bbox 1522 1320 1564 1351; x_wconf 91' lang='lat' dir='ltr'>ab</span> <span class='ocrx_word' id='word_1_203' title='bbox 1583 1319 1644 1351; x_wconf 82' lang='lat' dir='ltr'>hac</span> <span class='ocrx_word' id='word_1_204' title='bbox 1666 1326 1776 1352; x_wconf 86' lang='lat' dir='ltr'>nostra</span> 
     </span>
     <span class='ocr_line' id='line_1_21' title="bbox 226 1376 1775 1420; baseline -0.001 -10"><span class='ocrx_word' id='word_1_205' title='bbox 226 1387 325 1410; x_wconf 78' lang='lat' dir='ltr'>cansa</span> <span class='ocrx_word' id='word_1_206' title='bbox 354 1376 460 1409; x_wconf 86' lang='lat' dir='ltr'>aliena</span> <span class='ocrx_word' id='word_1_207' title='bbox 487 1383 542 1409; x_wconf 88' lang='lat' dir='ltr'>est.</span> <span class='ocrx_word' id='word_1_208' title='bbox 588 1376 719 1420; x_wconf 83' lang='lat' dir='ltr'>Spectat</span> <span class='ocrx_word' id='word_1_209' title='bbox 752 1377 836 1409; x_wconf 91' lang='lat' dir='ltr'>enim</span> <span class='ocrx_word' id='word_1_210' title='bbox 864 1377 906 1410; x_wconf 82' lang='lat' dir='ltr'>ad</span> <span class='ocrx_word' id='word_1_211' title='bbox 928 1377 1071 1419; x_wconf 85' lang='lat' dir='ltr'>corporis</span> <span class='ocrx_word' id='word_1_212' title='bbox 1099 1378 1333 1417; x_wconf 83' lang='lat' dir='ltr'>castimoniam,</span> <span class='ocrx_word' id='word_1_213' title='bbox 1368 1388 1428 1409; x_wconf 90' lang='lat' dir='ltr'>nec</span> <span class='ocrx_word' id='word_1_214' title='bbox 1455 1378 1601 1420; x_wconf 81' lang='lat' dir='ltr'>purgatio</span> <span class='ocrx_word' id='word_1_215' title='bbox 1630 1378 1775 1409; x_wconf 84' lang='lat' dir='ltr'>vocanda</span> 
     </span>
     <span class='ocr_line' id='line_1_22' title="bbox 224 1435 1774 1479; baseline 0 -11"><span class='ocrx_word' id='word_1_216' title='bbox 224 1441 289 1476; x_wconf 83' lang='lat' dir='ltr'>est,</span> <span class='ocrx_word' id='word_1_217' title='bbox 313 1435 371 1468; x_wconf 89' lang='lat' dir='ltr'>sed</span> <span class='ocrx_word' id='word_1_218' title='bbox 393 1435 485 1475; x_wconf 90' lang='lat' dir='ltr'>lotio,</span> <span class='ocrx_word' id='word_1_219' title='bbox 517 1435 542 1467; x_wconf 93' lang='lat' dir='ltr'>si</span> <span class='ocrx_word' id='word_1_220' title='bbox 565 1435 805 1478; x_wconf 84' lang='lat' dir='ltr'>Theologorum</span> <span class='ocrx_word' id='word_1_221' title='bbox 829 1435 1061 1468; x_wconf 85' lang='lat' dir='ltr'>distinctionem</span> <span class='ocrx_word' id='word_1_222' title='bbox 1091 1436 1256 1478; x_wconf 89' lang='lat' dir='ltr'>complecti</span> <span class='ocrx_word' id='word_1_223' title='bbox 1287 1436 1420 1469; x_wconf 88' lang='lat' dir='ltr'>velimus</span> <span class='ocrx_word' id='word_1_224' title='bbox 1428 1436 1463 1479; x_wconf 74' lang='lat'>¹).</span> <span class='ocrx_word' id='word_1_225' title='bbox 1509 1436 1658 1468; x_wconf 81' lang='lat' dir='ltr'>Praetera</span> <span class='ocrx_word' id='word_1_226' title='bbox 1681 1436 1774 1468; x_wconf 88' lang='lat' dir='ltr'>etiam</span> 
     </span>
     <span class='ocr_line' id='line_1_23' title="bbox 223 1494 1773 1537; baseline -0.001 -10"><span class='ocrx_word' id='word_1_227' title='bbox 223 1494 356 1527; x_wconf 85' lang='lat' dir='ltr'>Servius</span> <span class='ocrx_word' id='word_1_228' title='bbox 390 1505 518 1526; x_wconf 85' lang='lat' dir='ltr'>omnem</span> <span class='ocrx_word' id='word_1_229' title='bbox 539 1494 606 1536; x_wconf 89' lang='lat' dir='ltr'>ejus</span> <span class='ocrx_word' id='word_1_230' title='bbox 629 1494 882 1534; x_wconf 87' lang='lat' dir='ltr'>consuetudinis,</span> <span class='ocrx_word' id='word_1_231' title='bbox 918 1505 1012 1536; x_wconf 89' lang='lat' dir='ltr'>quam</span> <span class='ocrx_word' id='word_1_232' title='bbox 1047 1495 1381 1533; x_wconf 86' lang='lat' dir='ltr'>commemoravimus,</span> <span class='ocrx_word' id='word_1_233' title='bbox 1413 1495 1569 1527; x_wconf 85' lang='lat' dir='ltr'>rationem</span> <span class='ocrx_word' id='word_1_234' title='bbox 1590 1495 1773 1537; x_wconf 85' lang='lat' dir='ltr'>neutiquam</span> 
     </span>
     <span class='ocr_line' id='line_1_24' title="bbox 223 1552 1774 1596; baseline 0 -11"><span class='ocrx_word' id='word_1_235' title='bbox 223 1553 300 1585; x_wconf 87' lang='lat' dir='ltr'>satis</span> <span class='ocrx_word' id='word_1_236' title='bbox 322 1557 435 1596; x_wconf 82' lang='lat' dir='ltr'>aperte</span> <span class='ocrx_word' id='word_1_237' title='bbox 453 1552 637 1595; x_wconf 82' lang='lat' dir='ltr'>explicuisse</span> <span class='ocrx_word' id='word_1_238' title='bbox 660 1552 791 1585; x_wconf 88' lang='lat' dir='ltr'>videtur.</span> <span class='ocrx_word' id='word_1_239' title='bbox 839 1552 1009 1593; x_wconf 84' lang='lat' dir='ltr'>Quodnam</span> <span class='ocrx_word' id='word_1_240' title='bbox 1032 1553 1117 1585; x_wconf 89' lang='lat' dir='ltr'>enim</span> <span class='ocrx_word' id='word_1_241' title='bbox 1138 1553 1196 1585; x_wconf 74' lang='lat' dir='ltr'>fuit</span> <span class='ocrx_word' id='word_1_242' title='bbox 1218 1553 1331 1586; x_wconf 90' lang='lat' dir='ltr'>domus</span> <span class='ocrx_word' id='word_1_243' title='bbox 1352 1554 1496 1586; x_wconf 80' lang='lat' dir='ltr'>funestae</span> <span class='ocrx_word' id='word_1_244' title='bbox 1515 1553 1651 1596; x_wconf 86' lang='lat' dir='ltr'>signum,</span> <span class='ocrx_word' id='word_1_245' title='bbox 1675 1552 1774 1595; x_wconf 82' lang='lat' dir='ltr'>prius—</span> 
     </span>
     <span class='ocr_line' id='line_1_25' title="bbox 224 1610 1773 1654; baseline 0 -12"><span class='ocrx_word' id='word_1_246' title='bbox 224 1621 319 1653; x_wconf 87' lang='lat' dir='ltr'>quam</span> <span class='ocrx_word' id='word_1_247' title='bbox 349 1611 448 1643; x_wconf 85' lang='lat' dir='ltr'>arbor</span> <span class='ocrx_word' id='word_1_248' title='bbox 474 1611 534 1643; x_wconf 86' lang='lat' dir='ltr'>ista</span> <span class='ocrx_word' id='word_1_249' title='bbox 562 1611 698 1643; x_wconf 88' lang='lat' dir='ltr'>Romam</span> <span class='ocrx_word' id='word_1_250' title='bbox 727 1616 813 1643; x_wconf 90' lang='lat' dir='ltr'>esset</span> <span class='ocrx_word' id='word_1_251' title='bbox 838 1610 966 1643; x_wconf 80' lang='lat' dir='ltr'>delata?</span> <span class='ocrx_word' id='word_1_252' title='bbox 1000 1611 1169 1650; x_wconf 80' lang='lat' dir='ltr'>Quodnam</span> <span class='ocrx_word' id='word_1_253' title='bbox 1201 1611 1340 1643; x_wconf 87' lang='lat' dir='ltr'>habuere</span> <span class='ocrx_word' id='word_1_254' title='bbox 1362 1612 1507 1644; x_wconf 83' lang='lat' dir='ltr'>homines</span> <span class='ocrx_word' id='word_1_255' title='bbox 1537 1610 1674 1654; x_wconf 82' lang='lat' dir='ltr'>plebeji?</span> <span class='ocrx_word' id='word_1_256' title='bbox 1696 1611 1773 1642; x_wconf 86' lang='lat' dir='ltr'>Mihi</span> 
     </span>
     <span class='ocr_line' id='line_1_26' title="bbox 225 1669 1771 1711; baseline -0.001 -10"><span class='ocrx_word' id='word_1_257' title='bbox 225 1669 352 1711; x_wconf 85' lang='lat' dir='ltr'>quidem</span> <span class='ocrx_word' id='word_1_258' title='bbox 374 1669 546 1711; x_wconf 80' lang='lat' dir='ltr'>antiquitus</span> <span class='ocrx_word' id='word_1_259' title='bbox 569 1679 737 1711; x_wconf 89' lang='lat' dir='ltr'>cupressus</span> <span class='ocrx_word' id='word_1_260' title='bbox 760 1669 801 1700; x_wconf 90' lang='lat' dir='ltr'>ad</span> <span class='ocrx_word' id='word_1_261' title='bbox 831 1679 1010 1701; x_wconf 88' lang='lat' dir='ltr'>maerorem</span> <span class='ocrx_word' id='word_1_262' title='bbox 1032 1669 1274 1711; x_wconf 82' lang='lat' dir='ltr'>significandum</span> <span class='ocrx_word' id='word_1_263' title='bbox 1302 1670 1443 1702; x_wconf 81' lang='lat' dir='ltr'>adhibita</span> <span class='ocrx_word' id='word_1_264' title='bbox 1465 1669 1602 1708; x_wconf 88' lang='lat' dir='ltr'>videtur,</span> <span class='ocrx_word' id='word_1_265' title='bbox 1636 1669 1771 1700; x_wconf 87' lang='lat' dir='ltr'>maxime</span> 
     </span>
     <span class='ocr_line' id='line_1_27' title="bbox 222 1726 1770 1771; baseline 0 -11"><span class='ocrx_word' id='word_1_266' title='bbox 222 1733 353 1771; x_wconf 86' lang='lat' dir='ltr'>propter</span> <span class='ocrx_word' id='word_1_267' title='bbox 387 1727 546 1761; x_wconf 63' lang='lat' dir='ltr'>frondium</span> <span class='ocrx_word' id='word_1_268' title='bbox 579 1727 802 1771; x_wconf 81' lang='lat' dir='ltr'>nigritudinem</span> <span class='ocrx_word' id='word_1_269' title='bbox 810 1727 839 1770; x_wconf 90' lang='lat'>¹).</span> <span class='ocrx_word' id='word_1_270' title='bbox 898 1728 983 1760; x_wconf 88' lang='lat' dir='ltr'>Tum</span> <span class='ocrx_word' id='word_1_271' title='bbox 1017 1727 1112 1760; x_wconf 88' lang='lat' dir='ltr'>etiam</span> <span class='ocrx_word' id='word_1_272' title='bbox 1145 1727 1225 1760; x_wconf 91' lang='lat' dir='ltr'>haec</span> <span class='ocrx_word' id='word_1_273' title='bbox 1258 1729 1365 1761; x_wconf 88' lang='lat' dir='ltr'>omnia</span> <span class='ocrx_word' id='word_1_274' title='bbox 1397 1729 1431 1761; x_wconf 89' lang='lat' dir='ltr'>iu</span> <span class='ocrx_word' id='word_1_275' title='bbox 1466 1727 1561 1760; x_wconf 90' lang='lat' dir='ltr'>dubio</span> <span class='ocrx_word' id='word_1_276' title='bbox 1588 1726 1629 1759; x_wconf 80' lang='lat' dir='ltr'>et&#39;</span> <span class='ocrx_word' id='word_1_277' title='bbox 1650 1727 1770 1760; x_wconf 84' lang='lat' dir='ltr'>incerto</span> 
     </span>
     <span class='ocr_line' id='line_1_28' title="bbox 222 1786 1770 1828; baseline -0.001 -9"><span class='ocrx_word' id='word_1_278' title='bbox 222 1788 325 1828; x_wconf 87' lang='lat' dir='ltr'>posita</span> <span class='ocrx_word' id='word_1_279' title='bbox 358 1793 449 1826; x_wconf 87' lang='lat' dir='ltr'>sunt,</span> <span class='ocrx_word' id='word_1_280' title='bbox 485 1793 518 1818; x_wconf 90' lang='lat' dir='ltr'>ut</span> <span class='ocrx_word' id='word_1_281' title='bbox 545 1798 586 1818; x_wconf 90' lang='lat' dir='ltr'>ne</span> <span class='ocrx_word' id='word_1_282' title='bbox 609 1786 712 1819; x_wconf 89' lang='lat' dir='ltr'>Servii</span> <span class='ocrx_word' id='word_1_283' title='bbox 746 1786 872 1828; x_wconf 87' lang='lat' dir='ltr'>quidem</span> <span class='ocrx_word' id='word_1_284' title='bbox 906 1786 1086 1819; x_wconf 85' lang='lat' dir='ltr'>testimonio</span> <span class='ocrx_word' id='word_1_285' title='bbox 1117 1787 1207 1819; x_wconf 86' lang='lat' dir='ltr'>satis·</span> <span class='ocrx_word' id='word_1_286' title='bbox 1228 1787 1363 1819; x_wconf 86' lang='lat' dir='ltr'>credam.</span> <span class='ocrx_word' id='word_1_287' title='bbox 1411 1786 1665 1819; x_wconf 80' lang='lat' dir='ltr'>Continebantur</span> <span class='ocrx_word' id='word_1_288' title='bbox 1686 1787 1770 1819; x_wconf 87' lang='lat' dir='ltr'>enim</span> 
     </span>
    </p>
   </div>
   <div class='ocr_carea' id='block_1_4' title="bbox 225 1867 442 1876">
    <p class='ocr_par' dir='ltr' id='par_1_4' title="bbox 225 1867 442 1876">
     <span class='ocr_line' id='line_1_29' title="bbox 225 1867 442 1876; baseline 0 567"><span class='ocrx_word' id='word_1_289' title='bbox 225 1867 442 1876; x_wconf 95' lang='lat' dir='ltr'> </span> 
     </span>
    </p>
   </div>
   <div class='ocr_carea' id='block_1_5' title="bbox 222 1917 1768 2165">
    <p class='ocr_par' dir='ltr' id='par_1_5' title="bbox 223 1917 1768 1998">
     <span class='ocr_line' id='line_1_30' title="bbox 312 1917 1768 1953; baseline 0 -8"><span class='ocrx_word' id='word_1_290' title='bbox 312 1918 343 1950; x_wconf 88' lang='lat' dir='ltr'>h)</span> <span class='ocrx_word' id='word_1_291' title='bbox 362 1918 489 1945; x_wconf 88' lang='lat' dir='ltr'>Lomeier</span> <span class='ocrx_word' id='word_1_292' title='bbox 507 1917 627 1953; x_wconf 84' lang='lat' dir='ltr'>Epimeu.</span> <span class='ocrx_word' id='word_1_293' title='bbox 653 1926 675 1946; x_wconf 85' lang='lat' dir='ltr'>c.</span> <span class='ocrx_word' id='word_1_294' title='bbox 695 1918 768 1946; x_wconf 87' lang='lat' dir='ltr'>XVI.</span> <span class='ocrx_word' id='word_1_295' title='bbox 797 1926 822 1953; x_wconf 85' lang='lat' dir='ltr'>p.</span> <span class='ocrx_word' id='word_1_296' title='bbox 842 1918 905 1946; x_wconf 83' lang='lat'>217.</span> <span class='ocrx_word' id='word_1_297' title='bbox 945 1918 1089 1953; x_wconf 84' lang='lat' dir='ltr'>Spanheim</span> <span class='ocrx_word' id='word_1_298' title='bbox 1108 1918 1143 1947; x_wconf 83' lang='lat' dir='ltr'>ad</span> <span class='ocrx_word' id='word_1_299' title='bbox 1163 1919 1267 1947; x_wconf 85' lang='lat' dir='ltr'>Gallim.</span> <span class='ocrx_word' id='word_1_300' title='bbox 1287 1918 1321 1947; x_wconf 82' lang='grc' dir='ltr'>Η.</span> <span class='ocrx_word' id='word_1_301' title='bbox 1351 1919 1377 1946; x_wconf 86' lang='lat' dir='ltr'>in</span> <span class='ocrx_word' id='word_1_302' title='bbox 1407 1918 1517 1947; x_wconf 85' lang='lat' dir='ltr'>Lavacr.</span> <span class='ocrx_word' id='word_1_303' title='bbox 1540 1917 1605 1946; x_wconf 88' lang='lat' dir='ltr'>Pall.</span> <span class='ocrx_word' id='word_1_304' title='bbox 1625 1919 1660 1946; x_wconf 86' lang='lat' dir='ltr'>ad</span> <span class='ocrx_word' id='word_1_305' title='bbox 1679 1927 1703 1946; x_wconf 90' lang='lat' dir='ltr'>v.</span> <span class='ocrx_word' id='word_1_306' title='bbox 1725 1918 1768 1945; x_wconf 65' lang='lat'>34.</span> 
     </span>
     <span class='ocr_line' id='line_1_31' title="bbox 223 1960 1696 1998; baseline 0.003 -11"><span class='ocrx_word' id='word_1_307' title='bbox 223 1960 314 1988; x_wconf 80' lang='lat' dir='ltr'>Potter</span> <span class='ocrx_word' id='word_1_308' title='bbox 332 1960 473 1990; x_wconf 81' lang='lat' dir='ltr'>Archaeol.</span> <span class='ocrx_word' id='word_1_309' title='bbox 492 1961 523 1989; x_wconf 88' lang='lat' dir='ltr'>B.</span> <span class='ocrx_word' id='word_1_310' title='bbox 541 1961 575 1989; x_wconf 91' lang='lat'>11.</span> <span class='ocrx_word' id='word_1_311' title='bbox 595 1970 617 1990; x_wconf 84' lang='lat' dir='ltr'>c.</span> <span class='ocrx_word' id='word_1_312' title='bbox 628 1962 675 1990; x_wconf 91' lang='lat' dir='ltr'>IV.</span> <span class='ocrx_word' id='word_1_313' title='bbox 695 1965 724 1990; x_wconf 91' lang='lat' dir='ltr'>et</span> <span class='ocrx_word' id='word_1_314' title='bbox 742 1962 776 1989; x_wconf 88' lang='lat' dir='ltr'>de</span> <span class='ocrx_word' id='word_1_315' title='bbox 794 1962 961 1990; x_wconf 80' lang='lat' dir='ltr'>Judaeorum</span> <span class='ocrx_word' id='word_1_316' title='bbox 980 1970 1055 1990; x_wconf 90' lang='lat' dir='ltr'>more</span> <span class='ocrx_word' id='word_1_317' title='bbox 1074 1962 1192 1998; x_wconf 71' lang='lat' dir='ltr'>Speucer</span> <span class='ocrx_word' id='word_1_318' title='bbox 1210 1963 1229 1990; x_wconf 90' lang='lat'>1.</span> <span class='ocrx_word' id='word_1_319' title='bbox 1240 1962 1290 1990; x_wconf 89' lang='lat'>111.</span> <span class='ocrx_word' id='word_1_320' title='bbox 1313 1962 1421 1990; x_wconf 74' lang='lat' dir='ltr'>dissert.</span> <span class='ocrx_word' id='word_1_321' title='bbox 1441 1962 1490 1990; x_wconf 88' lang='lat'>111.</span> <span class='ocrx_word' id='word_1_322' title='bbox 1511 1971 1533 1991; x_wconf 83' lang='lat' dir='ltr'>c.</span> <span class='ocrx_word' id='word_1_323' title='bbox 1545 1963 1576 1991; x_wconf 83' lang='lat' dir='ltr'>V.</span> <span class='ocrx_word' id='word_1_324' title='bbox 1596 1971 1622 1998; x_wconf 80' lang='lat'>1».</span> <span class='ocrx_word' id='word_1_325' title='bbox 1637 1962 1696 1991; x_wconf 80' lang='lat'><strong>182.</strong></span> 
     </span>
    </p>

    <p class='ocr_par' dir='ltr' id='par_1_6' title="bbox 322 2004 1166 2043">
     <span class='ocr_line' id='line_1_32' title="bbox 322 2004 1166 2043; baseline 0.002 -11"><span class='ocrx_word' id='word_1_326' title='bbox 322 2005 344 2037; x_wconf 90' lang='lat' dir='ltr'>i)</span> <span class='ocrx_word' id='word_1_327' title='bbox 363 2005 575 2041; x_wconf 84' lang='lat' dir='ltr'>Laquemacher.</span> <span class='ocrx_word' id='word_1_328' title='bbox 595 2006 740 2041; x_wconf 82' lang='lat' dir='ltr'>Autiquitt.</span> <span class='ocrx_word' id='word_1_329' title='bbox 761 2005 856 2034; x_wconf 87' lang='lat' dir='ltr'>Graec.</span> <span class='ocrx_word' id='word_1_330' title='bbox 876 2006 906 2033; x_wconf 88' lang='lat' dir='ltr'>P.</span> <span class='ocrx_word' id='word_1_331' title='bbox 927 2004 978 2034; x_wconf 93' lang='lat'>111.</span> <span class='ocrx_word' id='word_1_332' title='bbox 998 2015 1018 2035; x_wconf 81' lang='lat' dir='ltr'>c</span> <span class='ocrx_word' id='word_1_333' title='bbox 1038 2006 1087 2035; x_wconf 89' lang='lat'>111.</span> <span class='ocrx_word' id='word_1_334' title='bbox 1107 2007 1122 2043; x_wconf 67' lang='grc' dir='ltr'><strong>ἕ</strong></span> <span class='ocrx_word' id='word_1_335' title='bbox 1142 2007 1166 2034; x_wconf 82' lang='grc'>4.</span> 
     </span>
    </p>

    <p class='ocr_par' dir='ltr' id='par_1_7' title="bbox 313 2048 1395 2084">
     <span class='ocr_line' id='line_1_33' title="bbox 313 2048 1395 2084; baseline 0.001 -8"><span class='ocrx_word' id='word_1_336' title='bbox 313 2048 344 2081; x_wconf 84' lang='lat' dir='ltr'>k)</span> <span class='ocrx_word' id='word_1_337' title='bbox 362 2049 425 2077; x_wconf 88' lang='lat' dir='ltr'>Ern.</span> <span class='ocrx_word' id='word_1_338' title='bbox 444 2048 545 2077; x_wconf 86' lang='lat' dir='ltr'>Hahnii</span> <span class='ocrx_word' id='word_1_339' title='bbox 566 2049 673 2077; x_wconf 81' lang='lat' dir='ltr'>dissert.</span> <span class='ocrx_word' id='word_1_340' title='bbox 692 2048 784 2084; x_wconf 89' lang='lat' dir='ltr'>philol.</span> <span class='ocrx_word' id='word_1_341' title='bbox 804 2049 839 2077; x_wconf 87' lang='lat' dir='ltr'>de</span> <span class='ocrx_word' id='word_1_342' title='bbox 858 2049 1011 2084; x_wconf 80' lang='lat' dir='ltr'>expiatione</span> <span class='ocrx_word' id='word_1_343' title='bbox 1030 2058 1079 2084; x_wconf 91' lang='lat' dir='ltr'>per</span> <span class='ocrx_word' id='word_1_344' title='bbox 1097 2050 1197 2084; x_wconf 84' lang='lat' dir='ltr'>hissop.</span> <span class='ocrx_word' id='word_1_345' title='bbox 1218 2049 1295 2077; x_wconf 83' lang='lat' dir='ltr'>Wltt.</span> <span class='ocrx_word' id='word_1_346' title='bbox 1318 2049 1395 2077; x_wconf 67' lang='lat'><strong>2735.</strong></span> 
     </span>
    </p>

    <p class='ocr_par' dir='ltr' id='par_1_8' title="bbox 222 2090 1765 2165">
     <span class='ocr_line' id='line_1_34' title="bbox 323 2090 1765 2129; baseline -0.001 -9"><span class='ocrx_word' id='word_1_347' title='bbox 323 2092 345 2125; x_wconf 93' lang='lat' dir='ltr'>l)</span> <span class='ocrx_word' id='word_1_348' title='bbox 363 2093 437 2121; x_wconf 80' lang='lat' dir='ltr'>Alias</span> <span class='ocrx_word' id='word_1_349' title='bbox 456 2100 562 2128; x_wconf 83' lang='lat' dir='ltr'>causas,</span> <span class='ocrx_word' id='word_1_350' title='bbox 584 2093 632 2121; x_wconf 82' lang='lat' dir='ltr'>sed</span> <span class='ocrx_word' id='word_1_351' title='bbox 651 2093 741 2121; x_wconf 87' lang='lat' dir='ltr'>miuus</span> <span class='ocrx_word' id='word_1_352' title='bbox 760 2093 880 2128; x_wconf 84' lang='lat' dir='ltr'>idoneas,</span> <span class='ocrx_word' id='word_1_353' title='bbox 899 2100 960 2121; x_wconf 77' lang='lat' dir='ltr'>meo</span> <span class='ocrx_word' id='word_1_354' title='bbox 978 2093 1086 2128; x_wconf 83' lang='lat' dir='ltr'>quidem</span> <span class='ocrx_word' id='word_1_355' title='bbox 1102 2094 1213 2129; x_wconf 51' lang='lat' dir='ltr'>,iudicia</span> <span class='ocrx_word' id='word_1_356' title='bbox 1232 2090 1331 2121; x_wconf 83' lang='lat' dir='ltr'>adtulit</span> <span class='ocrx_word' id='word_1_357' title='bbox 1350 2093 1478 2122; x_wconf 79' lang='lat' dir='ltr'>Hadrian.</span> <span class='ocrx_word' id='word_1_358' title='bbox 1497 2094 1559 2122; x_wconf 84' lang='lat' dir='ltr'>Juu.</span> <span class='ocrx_word' id='word_1_359' title='bbox 1581 2092 1765 2120; x_wconf 82' lang='lat' dir='ltr'>Animadvers.</span> 
     </span>
     <span class='ocr_line' id='line_1_35' title="bbox 222 2135 794 2165; baseline 0.002 -1"><span class='ocrx_word' id='word_1_360' title='bbox 222 2143 245 2165; x_wconf 86' lang='lat' dir='ltr'>c.</span> <span class='ocrx_word' id='word_1_361' title='bbox 264 2135 324 2164; x_wconf 80' lang='lat' dir='ltr'>XX.</span> <span class='ocrx_word' id='word_1_362' title='bbox 344 2135 361 2163; x_wconf 90' lang='lat' dir='ltr'>l.</span> <span class='ocrx_word' id='word_1_363' title='bbox 383 2138 405 2165; x_wconf 85' lang='lat'>1.</span> <span class='ocrx_word' id='word_1_364' title='bbox 791 2149 794 2152; x_wconf 53' lang='lat'><em>⁴</em></span> 
     </span>
    </p>
   </div>
  </div>
 </body>
</html>
